% Encoding: UTF-8

@Conference{ackermann_steer,
  author    = {J. Ackermann and T. B\"{u}nte and W. Sienel and H. Jeebe and K. Naab},
  title     = {Driving safety by robust steering control},
  booktitle = {Proc. of the International Symposium on Advanced Vehicle Control and Safety},
  year      = {1996},
  address   = {Aachen, Germany},
}

@BOOK{ackermann_book_2002,
  title = {Robust Control. The Parameter Space Approach},
  publisher = {Springer},
  year = {2002},
  author = {J. Ackermann and P. Blue and T. B\"{u}nte and L. G\"{u}venc and D.
	Kaesbauer and M. Kordt and M. Muhler and D. Odenthal},
  series = {Communications and Control Engineering},
  edition = {2nd},
  month = {October},
  isbn = {1852335149}
}

@ARTICLE{buente_2004,
  author = {B. Aksun-G\"{u}ven\c{c} and T. B\"{u}nte and D. Odenthal and Levent
	G\"{u}ven\c{c}},
  title = {{R}obust {T}wo {D}egree-of-{F}reedom {V}ehicle {S}teering {C}ontroller
	{D}esign},
  journal = {IEEE Transactions on Control Systems Technology},
  year = {2004},
  volume = {12},
  pages = {627-636},
  number = {4}
}

@CONFERENCE{alwi14b,
  author = {H. Alwi and L. Chen and C. Edwards},
  title = {Reconstruction of simultaneous actuator and sensor faults for the
	{RECONFIGURE} benchmark using a sliding mode observer},
  booktitle = {Proc. 19th IFAC world congress},
  year = {2014}
}

@ARTICLE{Alwi_14,
  author = {H. Alwi and C. Edwards},
  title = {Second order sliding mode observers for the ADDSAFE actuator benchmark
	problem},
  journal = {Control Engineering Practice},
  year = {2014},
  volume = {31},
  pages = {74�91},
  owner = {ossm_Da},
  timestamp = {2015.01.12}
}

@Article{Alwi_14b,
  author    = {H. Alwi and C. Edwards},
  title     = {Development and application of sliding mode LPV fault reconstruction schemes for the ADDSAFE},
  journal   = {Control Engineering Practice},
  year      = {2014},
  volume    = {31},
  pages     = {148-170},
  note      = {doi:10.1016/j.conengprac.2014.05.003},
  doi       = {10.1016/j.conengprac.2014.05.003},
  owner     = {ossm_da},
  timestamp = {2015.04.02},
}

@CONFERENCE{Alwi_14c,
  author = {H. Alwi and C. Edwards},
  title = {A fault tolerant integral sliding mode control allocation scheme
	for the RECONFIGURE benchmark problem},
  booktitle = {Proc. American Control Conference},
  year = {2014}
}

@CONFERENCE{alwi_12a,
  author = {H. Alwi and C. Edwards},
  title = {Second order sliding mode observers for the ADDSAFE benchmark problem},
  booktitle = {Proc. of 8th IFAC Symposium on Fault Detection, Supervision and Safety
	for Technical Processes},
  year = {2012},
  address = {Mexico City, Mexico},
  owner = {ossm_da},
  timestamp = {2013.12.05}
}

@ARTICLE{Alwi_11,
  author = {H. Alwi and C. Edwards},
  title = {Evaluation of {S}liding {M}ode {O}bservers for {F}ault {R}econstruction
	on the {ADDSAFE} {F}unctional {E}ngineering {S}imulator},
  journal = {SAE International Journal of Aerospace},
  year = {2011},
  volume = {4},
  pages = {1485-1499},
  owner = {ossm_da},
  timestamp = {2012.07.30}
}

@MANUAL{LAPACK_1995,
  title = {{LAPACK} {U}ser's {G}uide, {S}econd {E}dition},
  author = {E. Anderson and Z. Bai and J. Bishop and J. Demmel and J. Du Croz
	and A. Greenbaum and S. Hammarling and A. McKenney and S. Ostrouchov
	and D. Sorensen},
  address = {SIAM, Philadelphia, France},
  year = {1995}
}

@BOOK{antoulas_red,
  title = {{A}pproximation of {L}arge-{S}cale {D}ynamical {S}ystems},
  publisher = {SIAM},
  year = {2005},
  editor = {R. C. Smith},
  author = {A. C. Antoulas},
  series = {Advanced in Design and Control},
  adress = {Philadelphia}
}

@ARTICLE{apkarian_1995,
  author = {P. Apkarian and P. Gahinet},
  title = {A {C}onvex {C}haracterization of {G}ain-{S}cheduled {$H_{\infty}$}
	{C}ontrollers},
  journal = IEEE_J_AC,
  year = {1995},
  volume = {40},
  pages = {853-864}
}

@ARTICLE{buente_2002,
  author = {T. B\"{u}nte and D. Odenthal and B. Aksun-G\"{u}ven\c{c} and Levent
	G\"{u}ven\c{c}},
  title = {{R}obust {V}ehicle {S}teering {C}ontrol {D}esign based on the {D}isturbance
	{O}bserver},
  journal = {IFAC Annual Reviews in Control},
  year = {2002},
  volume = {26},
  pages = {139-149}
}

@CONFERENCE{Baki_79,
  author = {C. Bakiotis and J. Raymond and A. Rault},
  title = {A Parameter and discriminant analysis for jet engine mechanical state
	diagnosis},
  booktitle = {Proc. of Conference on Decision and Control},
  year = {1979},
  address = {Fort Lauderdale, Florida, USA},
  owner = {ossm_da},
  timestamp = {2012.07.25}
}

@PHDTHESIS{Balas1990,
  author = {G. Balas},
  title = {{R}obust {C}ontrol of {F}lexible {S}tructures: {T}heory and {E}xperiments},
  school = {California Institute of Technology},
  year = {1990}
}

@ARTICLE{Balas_03,
  author = {G. Balas and J. Bokor and Z. Szabo},
  title = {Invariant subspaces for {LPV} systems and their application},
  journal = {IEEE Transactions on Automatic Control},
  year = {2003},
  volume = {48},
  pages = {2065-2069},
  owner = {ossm_da},
  timestamp = {2012.05.29}
}

@Manual{robcontrtb14,
  author       = {G. Balas and R. Chiang and A. Packard and M. Safonov},
  title        = {Robust Control Toolbox User's Guide R2014b},
  year         = {2014},
  organization = {MathWorks},
}

@MANUAL{robust_toolbox,
  title = {{R}obust {C}ontrol {T}oolbox 3.0.1},
  author = {G. Balas and R. Chiang and A. Packard and M. Safonov},
  organization = {The MathWorks},
  address = {Natick, MA, USA},
  month = {March},
  year = {2005}
}

@MANUAL{mu_toolbox,
  title = {$\mu$-{A}nalysis and {S}ynthesis {T}oolbox},
  author = {G. Balas and J. Doyle and K. Glover and A. Packard and R. Smith},
  organization = {The MathWorks},
  address = {Natick, MA, USA}
}

@MANUAL{BalasEtAl_15_LPVTools,
  title = {{LPVTools}: A Toolbox For Modeling, Analysis, and Synthesis of Parameter
	Varying Control Systems},
  author = {G. Balas and A. Hjartarson and A. Packard and P. Seiler},
  year = {2015},
  note = {Software and User's Manual}
}

@Article{Barlas12,
  author       = {T. K. Barlas and G. J. van der Veen and G. A. M. van Kuik},
  title        = {Model Predictive Control for Wind Turbines with Distributed Active Flaps: incorporating inflow signals and actuator constraints},
  journaltitle = {Wind energy},
  year         = {2012},
  volume       = {15},
  number       = {5},
  pages        = {757-771},
  doi          = {10.1002/we.503},
  journal      = {Wind Energy},
}

@PHDTHESIS{Bask_05,
  author = {M. Bask},
  title = {Dynamic threshold generators for robust fault detection},
  school = {Dept. of Computer Science and Electrical Engineering},
  year = {2005},
  address = {Luela University of Technology},
  owner = {ossm_da},
  timestamp = {2013.01.23}
}

@BOOK{Basseville_93,
  title = {{D}etection of {A}brupt {C}hanges: {T}heory and {A}pplication},
  publisher = {Prentice-Hall, Inc.},
  year = {1993},
  author = {M. Basseville and I. V. Nikiforov},
  owner = {ossm_da},
  timestamp = {2013.04.30}
}

@CONFERENCE{bate07,
  author = {Bateman and Fran�ois and H. Noura and M. Ouladsine},
  title = {Actuators Fault Diagnosis and Tolerant Control for an Unmanned Aerial
	Vehicle},
  booktitle = {16th IEEE International Conference on Control Applications},
  year = {2007},
  owner = {dossmann},
  timestamp = {2015.09.24}
}

@TECHREPORT{beard_71,
  author = {R. Beard},
  title = {Failure accommodation in linear systems through self reorganization.},
  institution = {Man Vehicle Laboratory, M.I.T.},
  year = {1971},
  address = {Cambridge, Massachusetts},
  owner = {ossm_da},
  timestamp = {2012.07.25}
}

@Conference{Belc98,
  author    = {C. Belcastro},
  title     = {Parametric uncertainty modelling: an overview},
  booktitle = {Proc. of American Control Conference, Philadelphia, PA},
  year      = {1998},
  optpages  = {297-302},
}

@CONFERENCE{Belc96,
  author = {C. Belcastro and B. C. Chang and R. Fischl },
  title = {A matrix approach to low-order uncertainty modeling of real parameters},
  booktitle = {Proc. of 13th IFAC World Congress},
  year = {1996},
  pages = {297-302},
  address = {San Francisco, USA}
}

@PHDTHESIS{belcastro_thesis,
  author = {C. M. Belcastro},
  title = {Uncertainty modeling of real parameter variations for robust control
	applications},
  school = {University of Drexel, US},
  year = {1994},
  month = {December}
}

@BOOK{SLICOT_1998,
  title = {{SLICOT} - {A} {S}ubroutine {L}ibrary in {S}ystems and {C}ontrol
	{T}heory},
  publisher = {Birkh{\"a}user},
  year = {1998},
  author = {P. Benner and V. Mehrmann and V. Sima and S. Van Huffel and A. Varga},
  series = {In B. N. Datta, Ed., Applied and Computational Control, Signals and
	Circuits}
}

@InBook{Berdjag_13,
  author    = {D. Berdjag and J. Cieslak and A. Zolghadri},
  title     = {Fault Detection and Isolation of aircraft air data/inertial system},
  booktitle = {Proc. of 4th European Conference for Aerospace Sciences},
  year      = {2013},
  editor    = {C. Vallet and D. Caukroun and C. Philippe and G. Balas and A. Nebylov and O. Yanova},
  note      = {doi:10.1051/eucass/201306317},
  publisher = {Torus Press},
  chapter   = {Fault Detection and Isolation of aircraft air data/inertial system},
  pages     = {317-332},
  doi       = {10.1051/eucass/201306317},
  owner     = {ossm_da},
  timestamp = {2013.03.19},
}

@CONFERENCE{Berdjag_11,
  author = {D. Berdjag and J. Cieslak and A. Zolghadri},
  title = {Fault Detection and Isolation of aircraft air data/inertial system},
  booktitle = {Proc. of 4th European Conference for Aerospace Sciences},
  year = {2011},
  address = {St. Petersburg, Russia},
  owner = {ossm_da},
  timestamp = {2013.03.19}
}

@Conference{Bir08,
  author    = {G. Bir},
  title     = {Multi-{B}lade {C}oordinate {T}ransformation and its {A}pplication to {W}ind {T}urbine {A}nalysis},
  booktitle = {46th AIAA Aerospace Sciences Meeting and Exhibit},
  year      = {2008},
  number    = {2008-1300},
  location  = {Reno, NV, USA},
  doi       = {10.2514/6.2008-1300},
  owner     = {dossmann},
  timestamp = {2015.12.14},
}

@Conference{bir97,
  author    = {G. Bir and A. Wright and C. Butterfield},
  title     = {Stability Analysis of a Variable-Speed Wind Turbine},
  booktitle = {ASME Wind Energy Symposium},
  year      = {1997},
  number    = {97-0965},
  location  = {Reno, NV, USA},
  doi       = {10.2514/6.1997-965},
}

@BOOK{Blan03,
  title = {Diagnosis and Fault-Tolerant Control},
  publisher = {Springer-Verlag, Berlin},
  year = {2003},
  author = {M. Blanke and M. Kinnaert and J. Lunze and M. Staroswiecki}
}

@ARTICLE{blight94,
  author = {J.D. Blight and R. Lane Dailey and D. Gangsaas},
  title = {Practical control law design for aircraft using multivariable techniques},
  journal = {International Journal of Control},
  year = {1994},
  volume = {59},
  pages = {93-137},
  number = {1},
  doi = {10.1080/00207179408923071}
}

@Conference{bosk16,
  author    = {J. Bo\v{s}kovic and J. Jackson},
  title     = {An Innovative Approach to Air Data Sensor FDIR for Commercial Aircraft},
  booktitle = {Proc. of AIAA Guidance, Navigation, and Control Conference},
  year      = {2016},
  note      = {doi:10.2514/6.2016-0375},
  doi       = {10.2514/6.2016-0375},
  address   = {San Diego, CA, USA},
}

@CONFERENCE{Boskovic_05,
  author = {J. D. Bo\v{s}kovic and S. E. Bergstrom and R. K. Mehra},
  title = {{A}daptive {A}ccommodation of {F}ailures in {S}econd-{O}rder {F}light
	{C}ontrol {A}ctuators with {M}easurable {R}ates},
  booktitle = {Proc. of American Control Conference},
  year = {2005},
  address = {Portland, Oregon, USA},
  owner = {ossm_da},
  timestamp = {2012.12.18}
}

@Conference{Bosk98,
  author    = {J. D. Bo\v{s}kovic and R. K. Mehra},
  title     = {A {M}ultiple {M}odel-based {R}econfigurable {F}light {C}ontrol {S}ystem {D}esign},
  booktitle = {Proc. of Conference on Decision and Control},
  year      = {1998},
  publisher = {IEEE},
  address   = {Tampa, Florida, USA},
}

@BOOK{Bode1945,
  title = {Network {A}nalysis and {F}eedback {A}mplifier {D}esign},
  publisher = {Van Nostrand},
  year = {1945},
  author = {H. W. Bode},
  address = {New York, USA}
}

@ARTICLE{Bode1940,
  author = {H. W. Bode},
  title = {Relations between attenuation and phase in feedback amplifier design},
  journal = {Bell System Technical Journal},
  year = {1940},
  volume = {19},
  pages = {421-454}
}

@ARTICLE{Bokor_04,
  author = {J. Bokor and G. Balas},
  title = {{D}etection filter design for {LPV} systems a geometric approach},
  journal = {Automatica},
  year = {2004},
  volume = {40},
  pages = {511-518},
  owner = {ossm_da},
  timestamp = {2012.05.29}
}

@CONFERENCE{Bonchis_99,
  author = {A. Bonchis and P. Corke and D. Rye},
  title = {A pressure based, velocity independent, friction model for asymmetric
	hydraulic cylinders},
  booktitle = {Proc. of IEEE Conference on Robotics and Automation},
  year = {1999},
  address = {Detroit, Michigan, USA},
  owner = {ossm_da},
  timestamp = {2012.06.22}
}

@BOOK{Bose,
  title = {Applied {M}ultidimensional {S}ystems {T}heory},
  publisher = {Van Nostrand Reinhold Company},
  year = {1982},
  author = {N. K. Bose}
}

@ARTICLE{Bossanyi03a,
  author = {E.A. Bossanyi},
  title = {Individual Blade Pitch Control for Load Reduction},
  journal = {Wind Energy},
  year = {2003},
  volume = {6},
  pages = {119-128},
  number = {2},
  doi = {10.1002/we.76},
  owner = {dossmann},
  timestamp = {2015.12.14}
}

@Conference{Bossanyi00,
  author    = {E.A. Bossanyi},
  title     = {Developments in Closed Loop Controller Design for Wind Turbines},
  booktitle = {ASME Wind Energy Conference},
  year      = {2000},
  location  = {Reno, NV, USA},
  pages     = {64-74},
  doi       = {10.1002/we.34},
}

@CONFERENCE{Bossche_06,
  author = {D. Bossche},
  title = {The {A}380 flight control electrohydrostatic actuators, achievements
	and lessons learnt},
  booktitle = {Proc. of 25th International Congress of the Aeronautic Sciences},
  year = {2006},
  address = {Hamburg},
  owner = {ossm_da},
  timestamp = {2013.01.28}
}

@BOOK{Boyd_lmi,
  title = {{L}inear {M}atrix {I}nequalities in {S}ystem and {C}ontrol {T}heory},
  publisher = {Siam},
  year = {1994},
  author = {S. Boyd and L. E. Ghaoui and E. Feron and V. Balakrishnan}
}

@BOOK{brock11,
  title = {Flugregelung},
  publisher = {Springer Verlag Berlin Heidelberg},
  year = {2011},
  editor = {R. Brockhaus and W. Alles and R. Luckner},
  author = {R. Brockhaus and W. Alles and R. Luckner},
  edition = {3}
}

@TECHREPORT{MCrunch08,
  author = {M. Buhl},
  title = {{MC}runch {U}ser�s {G}uide for {V}ersion 1.00},
  institution = {National Renewable Energy Laboratory},
  year = {2008},
  number = {NREL/TP-500-43139}
}

@CONFERENCE{Byington_04,
  author = {C.S. Byington and M. Watson and D. Edwards and P. Stoelting},
  title = {A model-based approach to prognostics and health management for flight
	control actuators},
  booktitle = {Proc. of IEEE Aerospace Conference},
  year = {2004},
  owner = {ossm_da},
  timestamp = {2015.04.29}
}

@CONFERENCE{Caglayan_88,
  author = {A. K. Caglayan and K. Rahnamai and S.M. Allen},
  title = {Detection, Identification and Estimation of surface damage/ actuator
	failure for high performance aircraft},
  booktitle = {Proc. of American Control Conference},
  year = {1988},
  owner = {ossm_da},
  timestamp = {2013.03.06}
}

@CONFERENCE{caglayan_88b,
  author = {A. K. Caglayan and K. Wehmuller},
  title = {Evaluation of a second generation reconfiguration strategy for aircraft
	flight control systems subjected to actuator failure/surface damage},
  booktitle = {Proc. of Aerospace and Electronics Conference},
  year = {1988},
  volume = {2},
  pages = {520 - 529},
  owner = {ossm_da},
  timestamp = {2013.03.06}
}

@TECHREPORT{Chan_79,
  author = {T. F. Chan and G. H. Golub and R. J. Le Veque},
  title = {Updating formulae and a pairwise algorithm for computing sample variances},
  institution = {Department of Computer Science, School of Humanities and Sciences,
	Stanford University},
  year = {1979},
  owner = {ossm_da},
  timestamp = {2012.08.08}
}

@TECHREPORT{Chan_78,
  author = {T. F. C. Chan and J. G. Lewis},
  title = {Rounding error analysis of algorithms for computing means and standard
	deviations.},
  institution = {Dept. of Mathematical Sciences, The JohnsHopkinsUniversity},
  year = {1978},
  address = {Baltimore},
  owner = {ossm_da},
  timestamp = {2013.01.23}
}

@Conference{alwi14,
  author    = {K.P.B. Chandra and H. Alwi and C. Edwards},
  title     = {Sliding {M}ode {O}bservers for {F}ault {D}etection of {U}ncertain {LPV} {S}ystems with {I}mperfect {S}cheduling {P}arameter {K}nowledge},
  booktitle = {53rd IEEE Conference on Decision and Control},
  year      = {2014},
  pages     = {4777-4782},
  doi       = {10.1109/CDC.2014.7040134},
}

@BOOK{Chen99,
  title = {Robust {M}odel-{B}ased {F}ault {D}iagnosis for {D}ynamic {S}ystems},
  publisher = {Kluwer Academic Publishers},
  year = {1999},
  author = {J. Chen and R. J. Patton},
  owner = {ossm_da},
  timestamp = {2012.05.15}
}

@ARTICLE{Chen_96,
  author = {J. Chen and R. J. Patton and G.-P. Liu},
  title = {Optimal residual design for fault diagnosis using multi-objective
	optimization and generic algorithms},
  journal = {International Journal of Systems Science},
  year = {1996},
  volume = {27},
  pages = {567-576},
  owner = {ossm_da},
  timestamp = {2012.07.18}
}

@Conference{chen15,
  author    = {L. Chen and H. Alwi and C. Edwards},
  title     = {Development and Application of an LPV Fault Tolerant Integral Sliding Mode Control Allocation Scheme for the RECONFIGURE Benchmark Model},
  booktitle = {Proc. 9th IFAC Symposium on Fault Detection, Supervision and Safety for Technical Processes SAFEPROCESS 2015},
  year      = {2015},
  note      = {doi:10.1016/j.conengprac.2014.05.003},
  doi       = {10.1016/j.conengprac.2014.05.003},
}

@Conference{chen15a,
  author    = {L. Chen and C. Edwards and H. Alwi},
  title     = {{LPV} sliding mode observers for sensor fault reconstruction with erroneous scheduling parameter measurements},
  booktitle = {54th IEEE Conference on Decision and Control},
  year      = {2015},
  note      = {doi:10.1109/CDC.2015.7402854},
  pages     = {4080-4085},
  doi       = {10.1109/CDC.2015.7402854},
  address   = {Osaka, Japan},
}

@CONFERENCE{chen15b,
  author = {L. Chen and C. Edwards and H. Alwi},
  title = {Integrated {LPV} {C}ontroller/{E}stimator {S}cheme using {S}liding
	{M}odes},
  booktitle = {54th IEEE Conference on Decision and Control},
  year = {2015},
  address = {Osaka, Japan}
}

@ARTICLE{Chen94,
  author = {Y. Cheng and B. {De~Moor}},
  title = {A multidimensional realization algorithm for parametric uncertainty
	modeling problems and multiparameter margin problems},
  journal = {International Journal of Control},
  year = {1994},
  volume = {60},
  pages = {3022-3023}
}

@Conference{chilali_pole,
  author    = {M. Chilali and P. Gahinet},
  title     = {$H_\infty$ {D}esign with {P}ole {P}lacement {C}onstraints: an {LMI} Approach},
  booktitle = {Proc. of Conference on Decision and Control},
  year      = {1994},
  pages     = {553-558},
}

@ARTICLE{cockburn_1997,
  author = {J.C. Cockburn and B.G. Morton},
  title = {Linear {F}ractional {R}epresentation of {U}ncertain {S}ystems},
  journal = {Automatica},
  year = {1997},
  volume = {33},
  pages = {1263-1271},
  number = {7}
}

@TechReport{ColemanFeingold_58NASA_Theory,
  author      = {R. Coleman and A. Feingold},
  title       = {Theory of Self-Excited Mechanical Oscillations of Helicopter Rotors with Hinged Blades},
  institution = {NASA},
  year        = {1958},
  number      = {NACA-TR-1351},
}

@BOOK{Coll03,
  title = {Introduction to Avionics Systems},
  publisher = {Springer},
  year = {2003},
  editor = {R.P.G. Collinson,},
  author = {R.P.G. Collinson},
  owner = {dossmann},
  timestamp = {2015.09.25}
}

@PATENT{Conrney_12,
  nationality = {US},
  number = {US4447769},
  year = {1982},
  yearfiled = {1984},
  author = {J. M. Corney},
  title = {Redundant actuation system},
  owner = {ossm_da},
  timestamp = {2013.02.28}
}

@CONFERENCE{ossmann15b,
  author = {D. Ossmann ,},
  title = {Fault Tolerant Control Design for the Longitudinal Aircraft Dynamics
	using Quantitative Feedback Theory},
  booktitle = {Proc. AIAA SciTech 2015, Guidance, Navigation and Control Conference},
  year = {2015},
  address = {Kissimmee, Florida, USA}
}

@Conference{danCACSD99,
  author    = {R. D'Andrea},
  title     = {Software for {M}odeling, {A}nalysis, and {C}ontrol {D}esign for {M}ultidimensional {S}ystems},
  booktitle = {Proc. of the IEEE International Symposium on Computer-Aided Control System Design},
  year      = {1999},
  pages     = {24-27},
}

@ARTICLE{andrea_1997_2,
  author = {R. D'Andrea},
  title = {{$H_{\infty}$} optimal interconnections},
  journal = {Systems and Control Letters},
  year = {1997},
  volume = {32},
  pages = {313-322}
}

@ARTICLE{andrea_2003,
  author = {R. D'Andrea and Geir E. Dullerud},
  title = {{D}istributed {C}ontrol {D}esign for {S}patially {I}nterconnected
	{S}ystems},
  journal = {IEEE TRANSACTIONS ON AUTOMATIC CONTROL},
  year = {2003},
  volume = {48},
  pages = {1478-1495},
  number = {9}
}

@CONFERENCE{andrea_1997,
  author = {R. D'Andrea and S. Khatri},
  title = {Kalman decomposition of linear fractional transformation representations
	and minimality},
  booktitle = {Proc. of American Control Conference},
  year = {1997},
  pages = {3557-3561},
  address = {Albulquerque, New Mexico}
}

@CONFERENCE{andrea_1993,
  author = {R. D'Andrea and F. Paganini},
  title = {Interconnection of {U}ncertain {B}ehavioral {S}ystems for {R}obust
	{C}ontrol},
  booktitle = {Proc. of Conference on Decision and Control},
  year = {1993},
  pages = {3642-3647},
  address = {San Antonio, Texas}
}

@ARTICLE{doll01cep,
  author = {D{\"o}ll, C. and Le Gorrec, Y. and Ferreres, G. and Magni, J.F.},
  title = {Design of a robust self-scheduled missile autopilot by multi-model
	eigenstructure assignment},
  journal = {Control Engineering and Practice},
  year = {2001},
  volume = {9},
  pages = {1067-1078}
}

@BOOK{dai_1989,
  title = {Singular {C}ontrol {S}ystems},
  publisher = {Springer-Verlag, Berlin},
  year = {1989},
  author = {L. Dai},
  number = {118},
  series = {Lecture Notes in Control and Information Sciences},
  address = {Heidelberg}
}

@Article{NSGA2,
  author  = {K. Deb and A. Pratrap and S. Agarwal and T. Meyarivan},
  title   = {A {F}ast and {E}litist {M}ultiobjective {G}enetic {A}lgorithm: {NSGA}-{II}},
  journal = {IEEE Transactions on Evolutionary Computation},
  year    = {2002},
  volume  = {6},
  number  = {2},
  pages   = {182-197},
  note    = {doi:10.1109/4235.996017},
  doi     = {10.1109/4235.996017},
}

@ARTICLE{scherer_2002,
  author = {M. Dettori and C. W. Scherer},
  title = {Control design for a {C}ompact {D}isc player with multiple norm specifications},
  journal = {Control Systems Technology},
  year = {2002},
  volume = {10},
  pages = {635-645}
}

@INCOLLECTION{Devolder_10,
  author = {O. Devolder and F. Glineur and Y. Nesterov},
  title = {Solving Infinite-dimensional Optimization Problems by Polynomial
	Approximation},
  booktitle = {Recent Advances in Optimization and its Applications in Engineering},
  publisher = {Springer},
  year = {2010},
  editor = {M. Diehl and F. Glineur and E. Jarlebring and W. Michiels},
  pages = {31-40},
  owner = {ossm_da},
  timestamp = {2013.06.07}
}

@BOOK{ding_08,
  title = {Model-based Fault Diagnosis Techniques},
  publisher = {Springer-Verlag Berlin Heidelberg},
  year = {2008},
  author = {S. X. Ding},
  owner = {ossm_da},
  timestamp = {2012.12.10}
}

@ARTICLE{Ding_00,
  author = {S. X. Ding and P.M. Frank and E.L. Ding and T. Jeinsch},
  title = {A unified approach to the optimization of fault detection systems},
  journal = {International Journal of Adaptive Control and Signal Processing},
  year = {2000},
  volume = {14},
  pages = {725-745},
  owner = {ossm_da},
  timestamp = {2013.04.18}
}

@CONFERENCE{Ding_91,
  author = {S. X. Ding and P. M. Frank},
  title = {Frequency domain approach and threshold selector for robust model-based
	fault detection and isolation},
  booktitle = {Proc. of 1st IFAC Symposium on Fault Detection, Supervision and Safety
	for Technical Processes},
  year = {1991},
  address = {Baden-Baden, Germany},
  owner = {ossm_da},
  timestamp = {2012.05.24}
}

@CONFERENCE{Doyle_86,
  author = {J. Doyle},
  title = {{Q}unatitative {F}eedback {T}herory ({QFT}) and {R}obust {C}ontrol},
  booktitle = {Proc. of American Control Conference},
  year = {1986},
  owner = {ossm_da},
  timestamp = {2014.04.28}
}

@ARTICLE{doyle_1982,
  author = {J. C. Doyle},
  title = {Analysis of feedback systems with structured uncertainties},
  journal = {IEE-D},
  year = {1982},
  volume = {129},
  pages = {242-250}
}

@ARTICLE{doyle_1978,
  author = {J. C. Doyle},
  title = {Guaranteed margins for {LQG} regulators},
  journal = IEEE_J_AC,
  year = {1978},
  volume = {23},
  pages = {756-757}
}

@ARTICLE{doyle_1989,
  author = {J. C. Doyle and K. Glover and P. Khargonekar and B. Francis},
  title = {State-space solutions to standard {$H_2$} and {$H_{\infty}$} control
	problems},
  journal = IEEE_J_AC,
  year = {1989},
  volume = {34},
  pages = {831-847}
}

@PHDTHESIS{duda_1997,
  author = {H. Duda},
  title = {Fliegbarkeitskriterien bei begrenzter {S}tellgeschwindigkeit},
  school = {DLR, Institut f{\"u}r Flugmechanik, Braunschweig},
  year = {1997}
}

@BOOK{paganini_2000,
  title = {A Course in {R}obust {C}ontrol {T}heory - {A} {C}onvex {A}pproach},
  publisher = {Springer},
  year = {2000},
  author = {G. E. Dullerud and F. Paganini},
  number = {36},
  series = {Texts in Applied Mathematics}
}

@CONFERENCE{Efimov_11b,
  author = {D. Efimov and A. Zolghadri},
  title = {Nonlinear Observers Techniques for Oscillatory Failure Case Detection},
  booktitle = {Proc. of 4th European Conference for Aerospace Sciences},
  year = {2011},
  address = {St. Petersburg, Russia},
  owner = {ossm_da},
  timestamp = {2012.12.06}
}

@CONFERENCE{Efimov_11,
  author = {D. Efimov and A. Zolghadri and P. Simon},
  title = {Fault detection improving by extended {K}alman filter adjustment
	for oscillatory failure case in aircrafts},
  booktitle = {Proc. of 4th European Conference for Aerospace Sciences},
  year = {2011},
  address = {St. Petersburg, Russia},
  owner = {ossm_da},
  timestamp = {2012.07.31}
}

@ARTICLE{Emami_88,
  author = {A. Emami-Naeini and M. M. Akther and S. M . Rock},
  title = {Effect of {M}odel {U}ncertainty on {F}ailure {D}etection: {T}he {T}hreshold
	{S}elector},
  journal = {IEEE Transactions on Automatic Control},
  year = {1988},
  volume = {33},
  pages = {1106-1115},
  owner = {ossm_da},
  timestamp = {2012.12.10}
}

@Conference{Engelen06,
  author    = {T.G. van Engelen},
  title     = {Design Model and Load Reduction Assessment for Multi-Rotational Mode Individual Pitch Control},
  booktitle = {European Wind Energy Conference},
  year      = {2006},
}

@CONFERENCE{Eykeren_12,
  author = {L. Van Eykeren and Q. Chu and J.A. Mulder},
  title = {Actuator {F}ault {D}etection by {A}erodynamic {M}odel {I}dentification},
  booktitle = {Proc. of 8th IFAC Symposium on Fault Detection, Supervision and Safety
	for Technical Processes},
  year = {2012},
  address = {Mexico City, Mexico},
  owner = {ossm_da},
  timestamp = {2012.11.08}
}

@Article{Eykeren_14,
  author    = {L. Van Eykeren and Q. P. Chu},
  title     = {Sensor fault detection and isolation for aircraft control systems by kinematic realations},
  journal   = {Control Engineering Practice},
  year      = {2014},
  volume    = {31},
  pages     = {200-210},
  note      = {doi:10.1016/j.conengprac.2014.02.017},
  doi       = {10.1016/j.conengprac.2014.02.017},
  owner     = {ossm_da},
  timestamp = {2015.04.02},
}

@CONFERENCE{Eykeren_11,
  author = {L. Van Eykeren and Q. P. Chu},
  title = {Nonlinear {M}odel-{B}ased {F}ault {D}etection for a {H}ydraulic {A}ctuator},
  booktitle = {Proc. of AIAA Guidance, Navigation and Control Conference},
  year = {2011},
  address = {Portland, Oregon, USA},
  owner = {ossm_da},
  timestamp = {2012.07.30}
}

@Conference{Fernandez15,
  author    = {V. Fernandez and J. Montano and C. Recupero and M. Kerr and P. Rosa and J. Boada-Bauxell and L. Dalbies},
  title     = {A {T}ool for {I}ndustrial {V}erification and {B}enchmarking of {FDD}/{FTC} {D}esigns},
  booktitle = {Proc. of 9th IFAC Symposium on Fault Detection, Supervision and Safety for Technical Processes},
  year      = {2015},
  note      = {doi:10.1016/j.ifacol.2015.09.658},
  pages     = {1006-1011},
  doi       = {10.1016/j.ifacol.2015.09.658},
  address   = {Paris, France},
  owner     = {dossmann},
  timestamp = {2015.12.28},
}

@TECHREPORT{Field_93,
  author = {Edmund Field},
  title = {The aplication of a C* flight control law to large civil transport
	aircraft},
  institution = {College of Aeronautics, Cranfield Institute of Technology},
  year = {1993},
  owner = {ossm_da},
  timestamp = {2014.04.29}
}

@ARTICLE{Fox78,
  author = {P. A. Fox and A. P. Hall and N. L. Schryer},
  title = {The {PORT} Mathematical Subroutine Library},
  journal = {ACM Trans. Math. Softw.},
  year = {1978},
  volume = {4},
  pages = {104-126}
}

@Conference{freebury00,
  author    = {G. Freebury and W. Musial},
  title     = {Determining Equivalent Damage Loading for Full-Scale Wind Turbine Blade Fatigue Tests},
  booktitle = {ASME Wind Energy Symposium},
  year      = {2000},
  number    = {2000-50},
  pages     = {287-296},
  doi       = {10.2514/6.2000-50},
  address   = {Reno, Nevada, USA},
}

@CONFERENCE{freeIEEE13,
  author = {P. Freeman and R. Pandita and N. Srivatsava and G. Balas},
  title = {Model-based and data-driven fault detection performance for a small
	{UAV}},
  booktitle = {IEEE/ASME Transactions on Mechatronics},
  year = {2013},
  volume = {18},
  number = {4},
  pages = {1300-1309},
  month = {August},
  owner = {dossmann},
  timestamp = {2015.09.21}
}

@ARTICLE{frisk_01,
  author = {E. Frisk and M. Nyberg},
  title = {A minimal polynomial basis solution to residual generation for fault
	diagnosis in linear systems},
  journal = {Automatica},
  year = {2001},
  volume = {37},
  pages = {1417-1424},
  booktitle = {Automatica},
  owner = {ossm_da},
  timestamp = {2012.07.25}
}

@MANUAL{lmi_toolbox,
  title = {{LMI} {C}ontrol {T}oolbox},
  author = {P. Gahinet and A. Nemirovski and A. Laub and M. Chilali},
  organization = {The MathWorks},
  address = {Natick, MA, USA}
}

@BOOK{gantmacher_1959,
  title = {Theory of Matrices},
  publisher = {New York: Chelsea},
  year = {1959},
  author = {F. R. Gantmacher}
}

@ARTICLE{Garcia_08,
  author = {A. Garcia and J. Cusido and J.A. Rosero and L. Romeral},
  title = {Reliable electro-mechanical actuators in aircraft},
  journal = {IEEE Aaerospace and Electronic Systems Magazine},
  year = {2008},
  volume = {23},
  pages = {19-25},
  owner = {ossm_da},
  timestamp = {2015.04.29}
}

@ARTICLE{Garcia_97,
  author = {E. A. Garcia and P. M. Frank},
  title = {Deterministic nonlinear observer-based approaches to fault diagnosis:
	{A} survey},
  journal = {Control Engineering Practice},
  year = {1997},
  volume = {5},
  pages = {663-670},
  owner = {ossm_da},
  timestamp = {2012.08.20}
}

@CONFERENCE{Garcia_09,
  author = {E. A. Garcia and A. Zolghadri and P. Goupil and L. Lavigne and P.
	Simon},
  title = {Nonlinear observer-based {OFC} detection for {A}380 aircraft},
  booktitle = {Proc. of 7th IFAC Symposium on Fault Detection, Supervision and Safety
	for Technical Processes},
  year = {2009},
  address = {Barcelona, Spain},
  owner = {ossm_da},
  timestamp = {2012.07.03}
}

@CONFERENCE{Garimella_05,
  author = {P. Garimella and B. Yao},
  title = {Model based fault detection of an electro-hydraulic cylinder},
  booktitle = {Proc. of American Control Conference},
  year = {2005},
  address = {Portland, Oregon, USA},
  owner = {ossm_da},
  timestamp = {2012.08.20}
}

@BOOK{Gert98,
  title = {Fault {D}etection and {D}iagnosis in {E}ngineering {S}ystems},
  publisher = {Marcel Dekker, Inc.},
  year = {1998},
  author = {J. Gertler},
  address = {New York, USA}
}

@ARTICLE{Geyler08,
  author = {M. Geyler and P. Caselitz},
  title = {Robust {M}ultivariable {P}itch {C}ontrol {D}esign for {L}oad {R}eduction
	on {L}arge {W}ind {T}urbines},
  journal = {Journal of Solar Energy Engineering},
  year = {2008},
  volume = {130},
  number = {3},
  note = {031014},
  doi = {10.1115/1.2931510}
}

@ARTICLE{Gheorge_13,
  author = {A. Gheorghe and A. Zolghadri and J. Cieslak and P. Goupil and R.
	Dayre and H. Le~Berre},
  title = {Model-based approaches for fast and robust fault detection in anaircraft
	control surface servo loop},
  journal = {Control Systems Magazine},
  year = {2013},
  volume = {33},
  pages = {20-30},
  owner = {ossm_da},
  timestamp = {2013.11.26}
}

@CONFERENCE{Gilson_14,
  author = {E. Gilson and J- D. Kopp and D. Manzanares},
  title = {MOOG next generation control and actuation},
  booktitle = {Proc. of Recent Advances in Aerospace Actuation Systems and Components},
  year = {2014},
  owner = {ossm_Da},
  timestamp = {2015.01.12}
}

@ARTICLE{glov88,
  author = {K. Glover and J. Doyle},
  title = {State-space {F}ormulae for {A}ll {S}tabilizing {C}ontrollers that
	{S}atisfy an $ \mathcal{H}_\infty $-norm {B}ound and {R}elations
	to {R}isk {S}ensitivity},
  journal = {Systems \& Control Letters},
  year = {1988},
  volume = {11},
  pages = {167-172},
  number = {3}
}

@ARTICLE{Goup_09a,
  author = {P. Goupil},
  title = {{AIRBUS} {S}tate of the {A}rt and {P}ractices on {FDI} and {FTC}},
  journal = {Control Engineering Practice},
  year = {2011},
  pages = {524-539},
  address = {Barcelona, Spain},
  booktitle = {Proc. of 7th IFAC Symposium on Fault Detection, Supervision and Safety
	for Technical Processes},
  owner = {ossm_da},
  timestamp = {2012.06.25}
}

@ARTICLE{goupil_10b,
  author = {Goupil, P.},
  title = {Oscillatory failure case detection in the {A}380 electrical flight
	control system by analytical redundancy},
  journal = {Control Engineering Practice},
  year = {2010},
  volume = {18},
  pages = {1110-1119},
  owner = {ossm_da},
  timestamp = {2012.12.06}
}

@CONFERENCE{Goupil_07,
  author = {Goupil, P.},
  title = {Oscillatory failure case detection in the {A}380 electrical flight
	control system by analytical redundancy},
  booktitle = {Proc. of 17th IFAC Symposium on Automatic Control in Aerospace},
  year = {2007},
  address = {Tolosana, France},
  owner = {ossm_da},
  timestamp = {2012.07.03}
}

@Conference{Goupil_14,
  author    = {P. Goupil and J. Boada-Bauxell and A. Marcos and E. Cortet and M. Kerr and H. Costa},
  title     = {{AIRBUS} efforts towards advanced real-time {F}ault {D}iagnosis and {F}ault {T}olerant {C}ontrol},
  booktitle = {Proc. of 19th IFAC World Congress},
  year      = {2014},
  note      = {doi:10.3182/20140824-6-ZA-1003.01945},
  pages     = {3471-3476},
  doi       = {10.3182/20140824-6-ZA-1003.01945},
  address   = {Capetown, South Africa},
  owner     = {ossm_da},
  timestamp = {2013.11.25},
}

@Conference{Goupil15a,
  author    = {P. Goupil and J. Boada-Bauxell and A. Marcos and P. Rosa and M. Kerr and L. Dalbies},
  title     = {An overview of the {FP}7 {RECONFIGURE} project: industrial, scientific and technological objectives},
  booktitle = {Proc. of 9th IFAC Symposium on Fault Detection, Supervision and Safety for Technical Processes},
  year      = {2015},
  note      = {doi:10.1016/j.ifacol.2015.09.653},
  pages     = {976-981},
  doi       = {10.1016/j.ifacol.2015.09.653},
  address   = {Paris, France},
  owner     = {dossmann},
  timestamp = {2015.12.28},
}

@CONFERENCE{Goupil12a,
  author = {P. Goupil and A. Marcos},
  title = {Industrial benchmarking and evaluation of {ADDSAFE} {FDD} designs},
  booktitle = {Proc. of 8th IFAC Symposium on Fault Detection, Supervision and Safety
	for Technical Processes},
  year = {2012},
  address = {Mexico City, Mexico},
  owner = {ossm_da},
  timestamp = {2013.12.05}
}

@CONFERENCE{goupil_11,
  author = {Goupil, P. and G. Puyou},
  title = {A {H}igh {F}idelity {AIRBUS} {B}enchmark for {S}ystem {F}ault {D}etection
	and {I}solation and {F}light {C}ontrol {L}aw {C}learance},
  booktitle = {Proc. of 4th European Conference for Aerospace Sciences},
  year = {2011},
  address = {St. Petersburg, Russia},
  owner = {ossm_da},
  timestamp = {2012.11.16}
}

@BOOK{green_hinf,
  title = {{L}inear {R}obust {C}ontrol},
  publisher = {Prentice Hall},
  year = {1995},
  editor = {T. Kailath},
  author = {M. Green and D. Limebeer},
  series = {Information and System Sciences},
  address = {Englewood Cliffs, New Jersey},
  isbn = {0-13-102278-4}
}

@CONFERENCE{haddad_1991,
  author = {W.M. Haddad and D.S. Berstein},
  title = {Parameter-{D}ependent {L}yapunov {F}unctions, {C}onstant {R}eal {P}arameter
	{U}ncertainty, and the {P}opov {C}riterion in {R}obust {A}nalysis
	and {S}ynthesis},
  booktitle = {Proc. of Conference on Decision and Control},
  year = {1991},
  pages = {2274-2279 and 2632-2633}
}

@Article{Hardier_15,
  author    = {G. Hardier and C. Seren and P. Ezerzere},
  title     = {Model-based techniques for virtual sensing of longitudinal flight parameters},
  journal   = {International Journal of Applied Mathematics and Computer Sciences},
  year      = {2015},
  volume    = {25},
  number    = {1},
  pages     = {23-38},
  note      = {doi:10.1515/amcs-2015-0002},
  doi       = {10.1515/amcs-2015-0002},
  owner     = {ossm_da},
  timestamp = {2015.04.02},
}

@Conference{Hard13,
  author    = {G. Hardier and C. Seren and P. Ezerzere and G. Puyou},
  title     = {Aerodynamic model inversion for virtual sensing of longitudinal flight parameters},
  booktitle = {Proc. of 2nd Conference on Control and Fault-Tolerant Systems},
  year      = {2013},
  owner     = {ossm_da},
  timestamp = {2014.02.27},
}

@Conference{Hartley15,
  author    = {E. N. Hartley and J.M. Maciejowski},
  title     = {A longitudinal flight control law based on robust {MPC} and {H}$_2$ methods to accommodate sensor loss in the {RECONFIGURE} benchmark},
  booktitle = {Proc. of 9th IFAC Symposium on Fault Detection, Supervision and Safety for Technical Processes},
  year      = {2015},
  pages     = {1000-1005},
  doi       = {10.1016/j.ifacol.2015.09.657},
}

@PHDTHESIS{hecker_06,
  author = {S. Hecker},
  title = {Generation of low order {LFT} {R}epresentations for {R}obust {C}ontrol
	{A}pplications},
  school = {TU M"{u}nchen},
  year = {2006},
  owner = {ossm_da},
  timestamp = {2012.07.10}
}

@CONFERENCE{hecker_2005ifac,
  author = {S. Hecker and A. Varga},
  title = {{S}ymbolic {T}echniques for low order {LFT}-modelling},
  booktitle = {Proc. of 16th IFAC World Congress},
  year = {2005},
  address = {Prag, Czech Republic}
}

@ARTICLE{hecker_2005symb,
  author = {S. Hecker and A. Varga},
  title = {{{S}ymbolic {T}echniques for low order {LFT}-modelling}},
  journal = {International Journal of Control},
  year = {2005},
  volume = {79},
  pages = {1485-1494},
  note = {submitted for publication}
}

@ARTICLE{hecker_2004ejc,
  author = {S. Hecker and A. Varga},
  title = {Generalized {LFT}-based representation of parametric uncertain models},
  journal = {European Journal of Control},
  year = {2004},
  volume = {10},
  pages = {326-337},
  number = {4}
}

@CONFERENCE{hecker_2003,
  author = {S. Hecker and A. Varga},
  title = {Generalized {LFT}-based representation of parametric uncertain models},
  booktitle = {Proc. of European Control Conference},
  year = {2003},
  address = {Cambridge, UK}
}

@ARTICLE{hecker_2005ast,
  author = {S. Hecker and A. Varga and J.F. Magni},
  title = {{Enhanced {LFR}-{T}oolbox for {MATLAB}}},
  journal = {Aerospace Science and Technology},
  year = {2005},
  volume = {9},
  pages = {173-180},
  numberopt = {2}
}

@CONFERENCE{hecker_2004,
  author = {S. Hecker and A. Varga and J.F. Magni},
  title = {Enhanced {LFR}-{T}oolbox for {MATLAB}},
  booktitle = {Proc. of International Symposium on Computer Aided Control Systems
	Design (CACSD)},
  year = {2004},
  address = {Taipei, Taiwan}
}

@CONFERENCE{hecker_2004_odas,
  author = {S. Hecker and A. Varga and J. F. Magni},
  title = {Enhanced {LFR}-{T}oolbox for {MATLAB} and {LFT}-based {G}ain {S}cheduling},
  booktitle = {Proc. 6th {ONERA-DLR} Aerospace Symposium (ODAS)},
  year = {2004},
  pages = {80-89},
  address = {Berlin, Germany}
}

@ARTICLE{Henry_14,
  author = {D. Henry and J.Cieslak and A.Zolghadri and D.Efimov},
  title = {A non-conservative $H_-/H_\infty$ solution for early and robust fault
	diagnosis in aircraft control surface servo-loops},
  journal = {Control Engineering Practice},
  year = {2014},
  volume = {31},
  pages = {183�199},
  owner = {ossm_Da},
  timestamp = {2015.01.12}
}

@CONFERENCE{Henry_11,
  author = {D. Henry and A. Zolghadri},
  title = {Fault {D}etection and {D}iagnosis in {E}lectrical {A}ircraft {F}light
	{C}ontrol {S}ystem},
  booktitle = {Proc. of AIAA Guidance, Navigation and Control Conference},
  year = {2011},
  address = {Portland, Oregon, USA},
  owner = {ossm_da},
  timestamp = {2012.07.30}
}

@CONFERENCE{Henr12,
  author = {D. Henry and A. Zolghadri and J. Cieslak and D. Efimov},
  title = {A {LPV} approach for early fault detection in aircraft control surfaces
	servo-loops},
  booktitle = {Proc. of 8th IFAC Symposium on Fault Detection, Supervision and Safety
	for Technical Processes},
  year = {2012},
  address = {Mexico City, Mexico},
  owner = {ossm_da},
  timestamp = {2013.12.05}
}

@BOOK{Heuser91,
  title = {Lehrbuch der Analysis 1},
  publisher = {Teubner, Stuttgart},
  year = {1991},
  author = {Harro Heuser},
  owner = {ossm_da},
  timestamp = {2014.07.07}
}

@BOOK{himmel_78,
  title = {Fault detection and diagnosis in chemical and petrochemical processes},
  publisher = {Elsevier Scientific Pub. Co.},
  year = {1978},
  editor = {David Mautner Himmelblau},
  author = {D. Himmelblau},
  owner = {ossm_da},
  timestamp = {2015.04.09}
}

@Conference{HjartarsonEtAl_15LPVS_LPVTools,
  author    = {Arnar Hjartarson and Peter Seiler and Andrew Packard},
  title     = {{LPVTools}: A Toolbox for Modeling, Analysis, and Synthesis of Parameter Varying Control Systems},
  booktitle = {1st IFAC Workshop on Linear Parameter Varying Systems},
  year      = {2015},
  pages     = {139-145},
  doi       = {doi:10.1016/j.ifacol.2015.11.127},
  file      = {HjartarsonEtAl_15LPVS_LPVTools.pdf:HjartarsonEtAl_15LPVS_LPVTools.pdf:PDF},
}

@CONFERENCE{ho14,
  author = {L.M. Ho and D. Ossmann},
  title = {Vehicle Dynamics Sensors and Actuators Fault Detection and Isolation
	for an Overactuated by-Wire Vehicle},
  booktitle = {Proc. Conference on Decision and Control (CDC)},
  year = {2014},
  address = {Los Angeles, USA}
}

@Book{Hodgkinson_99,
  author    = {J. Hodgkinson},
  title     = {Aircraft Handling Qualities},
  year      = {1999},
  publisher = {Blackwell Science},
  owner     = {ossm_da},
  timestamp = {2014.04.29},
}

@CONFERENCE{horowitz_1993,
  author = {I. M. Horowitz},
  title = {Quantitative Feedback Design Theory (QFT)},
  booktitle = {QFT Publications},
  year = {1993},
  address = {Boulder, Colorado}
}

@BOOK{horowitz_1963,
  title = {Synthesis of {F}eedback {S}ystems},
  publisher = {Academic Press},
  year = {1963},
  author = {I. M. Horowitz},
  address = {New York, USA}
}

@BOOK{houp_99,
  title = {Quantitative {F}eedback {T}heory - Findamentals and Applications},
  publisher = {Marcel},
  year = {1999},
  editor = {N. Mundro},
  author = {C. H. Houpis and S. J. Rasmussen},
  owner = {ossm_da},
  timestamp = {2014.04.28}
}

@CONFERENCE{how_1993,
  author = {J.P. How and S.R. Hall},
  title = {{C}onnection between the {P}opov {S}tability {C}riterion and {B}ounds
	for {R}eal {P}arameter {U}ncertainty},
  booktitle = {Proc. American Control Conference},
  year = {1993},
  pages = {1084-1089}
}

@CONFERENCE{iser_04,
  author = {R. Iser},
  title = {Model-based fault-detection and diagnosis � status and applications},
  booktitle = {Proc. of 16th IFAC Symposium on Automatic Control in Aerospace},
  year = {2004},
  address = {St. Petersburg, Russia},
  owner = {ossm_da},
  timestamp = {2012.07.27}
}

@BOOK{Isermann_06,
  title = {Fault-{D}iagnosis {S}ystems: {A}n {I}ntroduction from {F}ault {D}etection
	to {F}ault {T}olerance},
  publisher = {Springer Verlag},
  year = {2006},
  author = {R. Isermann},
  owner = {ossm_da},
  timestamp = {2012.07.09}
}

@PHDTHESIS{Jia_04,
  author = {H. Jia},
  title = {Data fusion methodologies for multisensor aircraft navigation systems},
  school = {Cranfield University},
  year = {2004},
  owner = {ossm_da},
  timestamp = {2013.03.19}
}

@Book{Johnson_80_Helicopter,
  author    = {W. Johnson},
  title     = {Helicopter Theory},
  year      = {1980},
  edition   = {1st},
  publisher = {Princeton University Press, New Jersey},
}

@TECHREPORT{jones_73,
  author = {H. Jones},
  title = {Failure detection in linear systems},
  institution = {Dep. of Aeronautics, M.I.T.},
  year = {1973},
  address = {Cambridge, Massachusetts},
  owner = {ossm_da},
  timestamp = {2012.07.25}
}

@TECHREPORT{TurbSim12,
  author = {B.J. Jonkman and L. Kilcher},
  title = {{T}urb{S}im {U}ser's {G}uide: {V}ersion 1.50},
  institution = {National Renewable Energy Laboratory},
  year = {2009},
  number = {NREL/TP-500-46198},
  organization = {National Renewable Energy Laboratory}
}

@TECHREPORT{turbsim12,
  author = {B. J. Jonkman and L. Kilcher},
  title = {{T}urb{S}im {U}ser's {G}uide: {V}ersion 1.06.00},
  institution = {National Renewable Energy Laboratory},
  year = {2012},
  owner = {dossmann},
  timestamp = {2015.12.14}
}

@TechReport{Fastv7_05,
  author      = {J. M. Jonkman and M. L. Buhl},
  title       = {{FAST} {U}ser's {G}uide},
  institution = {National Renewable Energy Laboratory},
  year        = {2005},
  number      = {NREL/EL-500-38230},
  owner       = {dossmann},
  timestamp   = {2015.12.14},
}

@InBook{joos15,
  author    = {H.-D. Joos},
  title     = {Advances in Aerospace Guidance, Navigation and Control},
  booktitle = {Proc. of 3rd EuroGNC},
  year      = {2015},
  editor    = {Joel Bordeneuve-Guibe and Antoine Drouin and Cl�ment Roos},
  publisher = {Springer International Publishing},
  chapter   = {Application of Optimization based Worst Case Analysis to Control Law Assessment in Aerospace},
  pages     = {53-65},
  owner     = {dossmann},
  timestamp = {2015.11.16},
}

@InCollection{Joos_12cof,
  author    = {H.-D. Joos},
  title     = {Worst-Case Search Based Clearance Using Parallel Nonlinear Programming Methods},
  booktitle = {Optimization Based Clearance of Flight Control Laws},
  year      = {2012},
  editor    = {A. Varga and A. Hansson and G. Puyou},
  publisher = {Springer, Berlin},
  pages     = {149-160},
  owner     = {ossm_da},
  timestamp = {2013.06.07},
}

@TechReport{joos_11,
  author      = {H.-D. Joos},
  title       = {{MOPS} - {M}ulti-{O}bjective {P}arameter {S}ynthesis {U}ser's {G}uide {V}6.1},
  institution = {DLR Oberpfaffenhofen, Institute of Robotics and Mechatronics},
  year        = {2011},
  owner       = {ossm_da},
  timestamp   = {2012.08.13},
}

@Article{joos99ast,
  author  = {H.-D. Joos},
  title   = {A methodology for multi-objective design assessment and flight control synthesis tuning},
  journal = {Aerospace Science and Technology},
  year    = {1999},
  volume  = {3},
  number  = {3},
  pages   = {161-176},
  note    = {doi:10.1016/S1270-9638(99)80040-6},
  doi     = {10.1016/S1270-9638(99)80040-6},
}

@Conference{joos02,
  author    = {H.-D. Joos and J. Bals and G. Looye and K. Schnepper and A. Varga},
  title     = {A multi-objective optimisation-based software environment for control systems design},
  booktitle = {Proc. of IEEE International Conference on Control Applications and International Symposium on Computer Aided Control Systems Design},
  year      = {2002},
  pages     = {7-14},
  doi       = {10.1109/CACSD.2002.1036921},
  address   = {Glasgow, Scotland},
}

@ARTICLE{juang_2005,
  author = {J. C. Juang and C. M. Lee},
  title = {Design of sliding mode controllers with bounded {$L_2$} gain performance:
	an {LMI} approach},
  journal = {International Journal of Control},
  year = {2005},
  volume = {78},
  pages = {647-661},
  number = {9}
}

@ARTICLE{kalman_bucy,
  author = {R. E. Kalman and R. S. Bucy},
  title = {New results in linear filtering and prediction theory},
  journal = {Trans ASME (J. Basic Engineering)},
  year = {1961},
  volume = {83},
  pages = {95-108}
}

@BOOK{kalman_controllability,
  title = {Controllability of {L}inear {D}ynamical {S}ystems},
  publisher = {John Wiley \& Sons, Inc.},
  year = {1963},
  author = {R. E. Kalman and Y. Ho and K. S. Narendra},
  series = {Contributions to Differential Equations},
  address = {New York, USA}
}

@ARTICLE{Khan_05,
  author = {H. Khan and S. C. Abou},
  title = {Nonlinear observer-based fault detection technique for electro-hydraulic
	servo-positioning systems},
  journal = {Mechatronics},
  year = {2005},
  volume = {15},
  pages = {1037-1059},
  owner = {ossm_da},
  timestamp = {2012.08.20}
}

@PATENT{Khan_88,
  nationality = {US},
  number = {US4899641},
  year = {1988},
  yearfiled = {1990},
  author = {Z. N. Khan},
  title = {An electro-hydraulic helicopter system having individual blade control},
  owner = {ossm_da},
  timestamp = {2013.03.01}
}

@BOOK{knuth_98,
  title = {The {A}rt of {C}omputer {P}rogramming, {V}olume 2: {S}eminumerical
	{A}lgorithms},
  publisher = {Addison Wesley},
  year = {1998},
  author = {D. E. Knuth},
  pages = {232},
  series = {Computer Science and Information Processing},
  edition = {3rd},
  owner = {ossm_da},
  timestamp = {2012.08.09}
}

@BOOK{knuth,
  title = {{T}he {A}rt of {C}omputer {P}rogramming - {S}eminumerical {A}lgorithms},
  publisher = {Addison Wesley},
  year = {1981},
  author = {D. E. Knuth},
  series = {Computer Science and Information Processing},
  edition = {2nd}
}

@CONFERENCE{scamsy_2005,
  author = {S. Kuhlmann and I. Sturhan and A. Jaros and G.Sachs},
  title = {Flexible and {E}fficient {T}ools for {C}ost-{E}ffective {S}imulation
	{E}nvironment},
  booktitle = {Proc. of AIAA Guidance, Navigation and Control Conference},
  year = {2005}
}

@ARTICLE{kwatny_1998,
  author = {H. Kwatny and B. C. Chang},
  title = {Constructing linear families from parameter-dependent nonlinear dynamics},
  journal = IEEE_J_AC,
  year = {1998},
  volume = {43},
  pages = {1143-1147}
}

@CONFERENCE{ossmann16c,
  author = {I. Lakshminarayan and D. Ossmann and P. Seiler},
  title = {Model-based Fault Detection for Low-cost UAV Actuators},
  booktitle = {submitted to the American Control Conference},
  year = {2016}
}

@MANUAL{PUM,
  title = {A {M}atlab {T}oolbox for {P}arametric {U}ncertainty {M}odeling},
  author = {P.F. Lambrechts and J.C. Terlouw},
  address = {Philips Research Eindhoven and NLR Amsterdam},
  year = {1992}
}

@BOOK{Marton_11,
  title = {Nonlinear {C}ontrol of {V}ehicles and {R}obots},
  publisher = {Springer},
  year = {2011},
  author = {B. Lantos and L. Marton},
  owner = {ossm_da},
  timestamp = {2012.05.24}
}

@Article{Larsen05,
  author       = {T. J. Larsen and H. A. Madsen and K. Thomsen},
  title        = {Active {L}oad {R}eduction {U}sing {I}ndividual {P}itch, {B}ased on {L}ocal {B}lade {F}low {M}easurements},
  journal      = {Wind Energy},
  journaltitle = {Wind Energy},
  year         = {2005},
  volume       = {8},
  pages        = {67-80},
  doi          = {10.1002/we.14},
}

@CONFERENCE{Lavigne_08,
  author = {L. Lavigne and A. Zolghadri and P. Goupil and P. Simon.},
  title = {Oscillatory failure case detection for new generation {A}irbus aircraft:
	a model based challenge},
  booktitle = {Proc. of Conference on Decision and Control},
  year = {2008},
  address = {Cancun, Mexiko},
  owner = {ossm_da},
  timestamp = {2012.07.03}
}

@ARTICLE{leith_2000,
  author = {D.J. Leith and W.E. Leithead},
  title = {{S}urvey of {G}ain-{S}cheduling {A}nalysis and {D}esign},
  journal = {International Journal of Control},
  year = {2000},
  volume = {73},
  pages = {1001-1025},
  number = {11}
}

@CONFERENCE{lin_96,
  author = {R.C. Lin and D. Cebon and D.J. Cole},
  title = {Optimal roll control of a single-unit lorry},
  booktitle = {Proc. IMechE},
  year = {1996},
  pages = {45-55}
}

@ARTICLE{liu_1989,
  author = {Y. Liu and B. D. O. Anderson},
  title = {Singular perturbation approximation of balanced systems},
  journal = {International Journal of Control},
  year = {1989},
  volume = {50},
  pages = {1379-1405}
}

@CONFERENCE{Lomb_11,
  author = {T. Lombaerts},
  title = {Model based {F}ault {D}etection and {I}dentification with {O}nline
	{A}erodynamic {M}odel {S}tructure {S}election},
  booktitle = {Proc. of 4th European Conference for Aerospace Sciences},
  year = {2011},
  address = {St. Petersburg, Russia},
  owner = {ossm_da},
  timestamp = {2012.07.31}
}

@PHDTHESIS{Lombaerts_10,
  author = {T. Lombaerts},
  title = {{F}ault Tolerant Flight Control - A Physical Model Approach},
  school = {TU Delft},
  year = {2010},
  owner = {ossm_da},
  timestamp = {2012.06.26}
}

@CONFERENCE{looye_1999,
  author = {G. Looye},
  title = {Integrated {F}light {M}echanics and {A}eroelastic {A}ircraft {M}odeling
	using {O}bject-{O}riented {M}odeling {T}echniques},
  booktitle = {Proc. of AIAA Modeling and Simulation Technology Conference},
  year = {1999},
  number = {4192}
}

@Conference{Looye_01,
  author    = {G. Looye and H.-D. Joos and D. Willemsen},
  title     = {Application of an {O}ptimisation based {D}esign {P}rocess for {R}obust {A}utoland {C}ontrol {L}aws},
  booktitle = {Proc. of AIAA Guidance, Navigation and Control Conference},
  year      = {2001},
  address   = {Montreal, Canada},
  owner     = {ossm_da},
  timestamp = {2012.08.14},
}

@BOOK{LunzeRT2_2010,
  title = {Regelungstechnik 2 - Mehrgr��ensysteme, Digitale Regelung},
  publisher = {Springer},
  year = {2010},
  author = {J. Lunze},
  pages = {437-441},
  owner = {ossm_da},
  timestamp = {2014.07.07}
}

@CONFERENCE{ma10,
  author = {L. Ma and Y. Zhang},
  title = {{DUKF}-based {GTM} {UAV} Fault Detection and Diagnosis with Nonlinear
	and {LPV} Models},
  booktitle = {Mechatronics and Embedded Systems and Applications (MESA), IEEE/ASME
	International Conference},
  year = {2010},
  pages = {375-380},
  owner = {dossmann},
  timestamp = {2015.09.24}
}

@ARTICLE{Thapa15,
  author = {K. Thapa Magar and M. Balas and Susan Frost},
  title = {Direct adaptive control for individual blade pitch control of wind
	turbines for load reduction},
  journal = {Journal of Intelligent Material Systems and Structures},
  year = {2015},
  volume = {12},
  pages = {1564-1572},
  doi = {10.1177/1045389X14566527},
  journaltitle = {Journal of Intelligent Material Systems and Structures},
  series = {26}
}

@ARTICLE{magni99ast,
  author = {Magni, J.F.},
  title = {Multimodel eigenstructure assignment in flight-control design},
  journal = {Aerospace Science and Technology},
  year = {1999},
  volume = {3},
  pages = {141-151},
  number = {3}
}

@MANUAL{magni_2001,
  title = {{L}inear {F}ractional {R}epresentations with a {T}oolbox: Modelling,
	order reduction, gain scheduling. {V}ersion 1.1},
  author = {J. F. Magni},
  organization = {Department of Systems Control and Flight Dynamics, ONERA--CERT},
  address = {Toulouse, France},
  month = {January},
  year = {2004},
  number = {TR 6/05664 DCSD}
}

@Conference{magni_2002,
  author    = {J. F. Magni},
  title     = {{P}resentation of the {L}inear {F}ractional {R}epresentation {T}oolbox {(LFRT)}},
  booktitle = {Proc. CACSD'2002 Symposium, Glasgow, Scotland},
  year      = {2002},
  optpages  = {176-181},
}

@BOOK{magni_garteur,
  title = {Robust {F}light {C}ontrol - {A} {D}esign {C}hallenge},
  publisher = {Springer},
  year = {1997},
  author = {J. F. Magni and S. Bennani and J. Terlouw},
  number = {224},
  series = {Lecture Notes in Control and Information Sciences}
}

@CONFERENCE{marcos_11,
  author = {A. Marcos},
  title = {Application of {H}-infinity fault diagnosis to {ADDSAFE} benchmark:
	the control surface jamming case},
  booktitle = {Proc. of AIAA Guidance, Navigation and Control Conference},
  year = {2011},
  address = {Portland, Oregon, USA},
  owner = {ossm_da},
  timestamp = {2012.07.30}
}

@ARTICLE{marcos_2004,
  author = {A. Marcos and G. Balas},
  title = {{D}evelopment of {L}inear-{P}arameter-{V}arying {M}odels for {A}ircraft},
  journal = {Journal of Guidance, Control and Dynamics},
  year = {2004},
  volume = {27},
  pages = {218-228},
  number = {3}
}

@TECHREPORT{marcos_b747,
  author = {A. Marcos and G. Balas},
  title = {A Linear Parameter Varying Model of the Boeing 747-100/200 Lateral/Directional
	Motion},
  institution = {Department of Aerospace and Engineering Mechanics, University of
	Minnesota, USA},
  year = {2002},
  month = {December}
}

@CONFERENCE{marcos_2005,
  author = {A. Marcos and D. Bates and I. Postlethwaite},
  title = {{A} {M}ultivariate {P}olynomial {M}atrix {O}rder-{R}eduction {A}lgorithm
	for {L}inear {F}ractional {T}ransformation {M}odelling},
  booktitle = {Proc. of 16th IFAC World Congress},
  year = {2005},
  address = {Prague, Czech Republic}
}

@CONFERENCE{Marton_12,
  author = {Marton, L. and Ossmann, D.},
  title = {Energetic {A}pproach for {C}ontrol {S}urface {D}isconnection {F}ault
	{D}etection in {H}ydraulic {A}ircraft {A}ctuators},
  booktitle = {Proc. of 8th IFAC Symposium on Fault Detection, Supervision and Safety
	for Technical Processes},
  year = {2012},
  address = {Mexico City, Mexico},
  owner = {ossm_da},
  timestamp = {2012.06.22}
}

@Article{May_99,
  author    = {P. S. Maybeck},
  title     = {Multiple model adaptive algorithms for detecting and compensating sensor and actuator/surface failures in aircraft control systems},
  journal   = {International Journal of Robust and Nonlinear Control},
  year      = {1999},
  volume    = {9},
  number    = {14},
  pages     = {1051-1070},
  note      = {doi:10.1002/(SICI)1099-1239(19991215)9:14$<$1051::AID-RNC452$>$3.0.CO;2-0},
  doi       = {10.1002/(SICI)1099-1239(19991215)9:14$<$1051::AID-RNC452$>$3.0.CO;2-0},
  owner     = {ossm_da},
  timestamp = {2012.05.24},
}

@ARTICLE{megre_1997,
  author = {A. Megretski and A. Rantzer},
  title = {{S}ystem {A}nalysis via {I}ntegral {Q}uadratic {C}onstraints},
  journal = IEEE_J_AC,
  year = {1997},
  volume = {42},
  pages = {819-830},
  number = {6}
}

@CONFERENCE{mehra_71,
  author = {R. Mehra and J. Peschon},
  title = {An innovations approach to fault detection and diagnosis in dynamical
	systems},
  booktitle = {Proc. of Automatica},
  year = {1971},
  volume = {7},
  pages = {637-640},
  owner = {ossm_da},
  timestamp = {2012.07.25}
}

@CONFERENCE{Meng16,
  author = {F. Meng and J. Wenske and A. Gambier},
  title = {Wind Turbine Loads Reduction using Feedforward Feedback Collective
	Pitch Control Based on the Estimated Effective Wind Speed},
  booktitle = {Proc. of American Control Conference},
  year = {2016}
}

@BOOK{Merrit_67,
  title = {Hydraulic control systems},
  publisher = {John Wiley \& Sons},
  year = {1967},
  author = {H. E. Merritt},
  owner = {ossm_da},
  timestamp = {2012.05.24}
}

@BOOK{meyberg,
  title = {H\"{o}here {M}athematik 1},
  publisher = {Springer},
  year = {2003},
  author = {K. Meyberg and P. Vachenauer},
  address = {Berlin, Heidelberg},
  edition = {6}
}

@BOOK{mooney_97,
  title = {Monte Carlo Simulation},
  publisher = {Sage},
  year = {1997},
  author = {C. Z. Mooney},
  volume = {116},
  owner = {ossm_da},
  timestamp = {2013.03.11}
}

@ARTICLE{moore_1981,
  author = {B. C. Moore},
  title = {Principal component analysis in linear system: Controllability, observability
	and model reduction},
  journal = IEEE_J_AC,
  year = {1981},
  volume = {26},
  pages = {17-32}
}

@TECHREPORT{More80,
  author = {J. J. Mor\'e},
  title = {{User's Guide for MINPACK-1}},
  institution = {Argonne National Laboratory, Argone,IL},
  year = {1980},
  type = {{Applied Mathematics Division Report ANL-80-74}},
  optmonth = {October}
}

@Article{morelli_00,
  author    = {E. A. Morelli},
  title     = {Real-time parameter estimation in the frequency domain},
  journal   = {AIAA Journal of Guidance, Control and Dynamics},
  year      = {2000},
  volume    = {23},
  pages     = {812-818},
  note      = {doi:10.2514/2.4642},
  doi       = {10.2514/2.4642},
  owner     = {ossm_da},
  timestamp = {2012.08.09},
}

@CONFERENCE{morton_1985,
  author = {B. Morton},
  title = {New applications of $\mu$ to real parameter variation problems},
  booktitle = {Proc. of Conference on Decision and Control},
  year = {1985},
  pages = {233-238},
  address = {Fort Lauderdale, Florida, USA}
}

@CONFERENCE{Muenchhof_08a,
  author = {M. Muenchhof},
  title = {Displacement {S}ensor {F}ault {T}olerance for {H}ydraulic {S}ervo
	{A}xis},
  booktitle = {Proc. of 17th IFAC World Congress},
  year = {2008},
  address = {Seoul, Korea},
  owner = {ossm_da},
  timestamp = {2012.09.22}
}

@PHDTHESIS{Muenchhof_06,
  author = {M. Muenchhof},
  title = {Model-{B}ased Fault for a {H}ydraulic {S}ervo {A}xis},
  school = {TU Darmstadt},
  year = {2006},
  owner = {ossm_da},
  timestamp = {2012.09.22}
}

@CONFERENCE{Muenchhof_08b,
  author = {Muenchhof, M. and Beck, M.},
  title = {Model {A}djustment and {M}ulti-{M}odel-{B}ased {F}ault {D}iagnosis
	for {H}ydraulic {S}ervo {A}xis},
  booktitle = {Proc. of 17th IFAC World Congress},
  year = {2008},
  address = {Seoul, Korea},
  owner = {ossm_da},
  timestamp = {2013.01.15}
}

@CONFERENCE{MulderM_09,
  author = {M. Mulder and B. Lubbers and P.M.T. Zaal and M. M. van Paassen and
	J. A. Mulder},
  title = {{A}erodynamic {H}inge {M}oment {C}oefficient {E}stimation {U}sing
	{A}utomatic {F}ly-{B}y-{W}ire {C}ontrol {I}nputs},
  booktitle = {Proc. of AIAA Modeling and Simulation Technologies Conference},
  year = {2009},
  address = {Chicago, Illinois},
  owner = {ossm_da},
  timestamp = {2012.06.26}
}

@CONFERENCE{Nan_02,
  author = {R. Nandakumar and G.D. Halikias and A.C. Zolotas},
  title = {An Optimization algorithm for designing fixed structure controllers
	using the {QFT} method},
  booktitle = {Proc. of the 2002 IEEE Int. Symposium on Computer Aided Control System
	Design},
  year = {2002},
  owner = {ossm_da},
  timestamp = {2014.04.28}
}

@Article{Nar_97,
  author    = {K. S. Narendra and J. Balakrishnan},
  title     = {Adaptive control using multiple models},
  journal   = {IEEE Transactions on Automatic Control},
  year      = {1997},
  volume    = {42},
  number    = {2},
  pages     = {171-187},
  note      = {doi:10.1109/9.554398},
  doi       = {10.1109/9.554398},
  owner     = {ossm_da},
  timestamp = {2013.01.23},
}

@CONFERENCE{Niem_98,
  author = {H. Niemann},
  title = {Static decoupling in fault detection},
  booktitle = {Proc. of Conference on Decision and Control},
  year = {1998},
  address = {Tampa, Florida, USA},
  owner = {ossm_da},
  timestamp = {2012.07.18}
}

@Article{Nyb_02,
  author    = {M. Nyberg},
  title     = {Criterions for detectability and strong detectability of faults in linear systems},
  journal   = {International Journal of Control},
  year      = {2002},
  volume    = {75},
  number    = {7},
  pages     = {490-501},
  note      = {doi:10.1080/00207170110121303},
  doi       = {10.1080/00207170110121303},
  owner     = {ossm_da},
  timestamp = {2012.05.24},
}

@ARTICLE{Odell_96,
  author = {R. Odell and M. Patcher and C. H. Hopkins},
  title = {{F}ull {E}nvelope {F}light {C}ontrol {S}ystem {D}esign {U}sing {Q}uantitative
	{F}eedback {T}heory},
  journal = {Journal of Guidance, Control, and Dynamics},
  year = {1996},
  volume = {19},
  pages = {23-29},
  owner = {ossm_da},
  timestamp = {2014.04.29}
}

@Conference{Ossm14a,
  author    = {D. Ossmann},
  title     = {Optimization based tuning of fault detection and diagnosis systems for safety critical systems},
  booktitle = {Proc. of 19th IFAC World Congress},
  year      = {2014},
  note      = {doi:10.3182/20140824-6-ZA-1003.00159},
  pages     = {8570-8575},
  doi       = {10.3182/20140824-6-ZA-1003.00159},
  address   = {Capetown, South Africa},
  owner     = {ossm_da},
  timestamp = {2014.02.27},
}

@PhdThesis{OssmannPhD14,
  author    = {D. Ossmann},
  title     = {Fault Detection, Isolation and Identifikation in electro-hydraulic Actuators of Modern Aircraft},
  year      = {2014},
  owner     = {ossm_da},
  school    = {Technical University Munich},
  timestamp = {2013.11.26},
}

@CONFERENCE{Ossmann13,
  author = {Ossmann, D.},
  title = {Enhanced Fault Detection and Isolation in Modern Flight Actuators},
  booktitle = {Proc. of 3rd. Australian Control Conference},
  year = {2013},
  address = {Perth, Australia},
  owner = {ossm_da},
  timestamp = {2013.11.20}
}

@CONFERENCE{ossmann_12a,
  author = {D. Ossmann},
  title = {Optimization {B}ased {T}uning of {F}ault {D}etection {S}ystems for
	{L}arge {T}ransport {A}ircraft},
  booktitle = {Proc. of 12th ONERA - DLR Aerospace Symposium},
  year = {2012},
  address = {Braunschweig, Germany},
  owner = {ossm_da},
  timestamp = {2012.12.20}
}

@MASTERSTHESIS{ossmann08c,
  author = {D. Ossmann},
  title = {Application of GRATE II for Pilot Model Identification during Air-to-Surface
	Tracking},
  school = {Technical University of Munich},
  year = {2008}
}

@MASTERSTHESIS{ossmann06c,
  author = {D. Ossmann},
  title = {Analysis and application of handling quality criteria regarding PIO
	prevention},
  school = {University of applied sciences Graz},
  year = {2006}
}

@CONFERENCE{ossman08b,
  author = {D. Ossmann and O. Brieger and M. Ruedinger and M. Heller A New Flight
	Test Technique for Pilot Modell Identification, AIAA Atmospheric
	Flight Mechanics Conference and Exhibit, Honolulu, Hawaii, USA},
  title = {A {N}ew {F}light {T}est {T}echnique for {P}ilot {M}odell {I}dentification},
  booktitle = {Proc. AIAA Atmospheric Flight Mechanics Conference and Exhibit},
  year = {2008},
  address = {Honolulu, Hawaii, USA}
}

@CONFERENCE{ossmann10,
  author = {D. Ossmann and S. Hecker and A. Varga},
  title = {A Versatile Simulation Environment of FTC Architectures for Large
	Transport Aircraft,},
  booktitle = {Proc. 27th Congress of the International Council of the Aerospace
	Sciences (ICAS)},
  year = {2010},
  address = {Nice, France}
}

@CONFERENCE{Ossm08,
  author = {D. Ossmann and M. Heller},
  title = {{E}nhancement of the {N}onlinear {OLOP}-{PIO}-{C}riterion {R}egarding
	{P}hase-{C}ompensated {R}ate {L}imiters},
  booktitle = {Proc. of AIAA Atmospheric Flight Mechanics Conference},
  year = {2008},
  address = {Hawaii, USA},
  owner = {ossm_da},
  timestamp = {2013.08.23}
}

@CONFERENCE{ossmann06a,
  author = {D. Ossmann and M. Heller and O. Brieger},
  title = {Handling {Q}uality {E}valuation and {PIO} {P}revention {A}pplied
	to the {D}esign of {H}ighly {A}ugmented {A}ircraft},
  booktitle = {Proc. Aero Days},
  year = {2006},
  address = {Vienna, Austria}
}

@CONFERENCE{ossmann06b,
  author = {D. Ossmann and M. Heller and O. Brieger:},
  title = {H�here Flugeigenschaftsbewertung und PIO-Pr�vention im Rahmen der
	Entwicklung moderner Hochleistungsflugzeuge},
  booktitle = {Proc. Deutscher Luft- und Raumfahrtkongress},
  year = {2006},
  address = {Braunschweig, Germany}
}

@Conference{ossmann16b,
  author    = {D. Ossmann and H.-D. Joos},
  title     = {Advanced sensor monitoring and fault tolerant control for enhanced flight control system functionality},
  booktitle = {Proc. of 20th IFAC Symposium on Control in Aerospace},
  year      = {2016},
  note      = {(invited paper)},
  address   = {Sherbrooke, Canada},
}

@Conference{ossmann16a,
  author    = {D. Ossmann and H.-D. Joos},
  title     = {Enhanced detection and isolation of angle of attack sensor faults},
  booktitle = {Proc. of AIAA Guidance, Navigation, and Control Conference},
  year      = {2016},
  pages     = {1-16},
  doi       = {10.2514/6.2016-1135},
  address   = {San Diego, USA},
  owner     = {dossmann},
  timestamp = {2016.01.21},
}

@CONFERENCE{ossmann15a,
  author = {D. Ossmann and Frans van der Linden},
  title = {Advanced sensor fault detection and isolation for electro-mechanical
	actuators},
  booktitle = {Proc. 2015 NASA/ESA Conference on Adaptive Hardware and Systems},
  year = {2015},
  address = {Montreal, Canada}
}

@Conference{ossm16a,
  author    = {D. Ossmann and J. Theis and P. Seiler},
  title     = {Robust control design for load reduction on a liberty wind turbine},
  booktitle = {ASME Dynamic Systems and Control Conference},
  year      = {2016},
}

@InBook{OssVar_13_eucass,
  author    = {D. Ossmann and A. Varga},
  title     = {{Optimization-based tuning of LPV fault detection filters for civil transport aircraft}},
  booktitle = {Progess in Flight Dynamics, Guidance, Navigation, Control, Fault Detection, and Avionics},
  year      = {2013},
  editor    = {C. Vallet and D. Caukroun and C. Philippe and G. Balas and A. Nebylov and O. Yanova},
  publisher = {Torus Press},
  chapter   = {Optimization based tuning of {LPV} fault detection filters for civil transport aircraft},
  pages     = {263-281},
  owner     = {ossm_da},
  timestamp = {2013.11.26},
}

@ARTICLE{ossmann15c,
  author = {D. Ossmann and A. Varga},
  title = {Detection and identification of loss of efficiency faults of flight
	actuators},
  journal = {International Journal of Applied Mathematics and Computer Sciences},
  year = {2015},
  volume = {25},
  pages = {53-63},
  number = {1}
}

@CONFERENCE{OssVar13a,
  author = {Ossmann, D. and Varga, A.},
  title = {Detection and identification of loss of efficiency faults of flight
	actuators},
  booktitle = {Proc. of 2nd International Conference on Control and Fault-Tolerant
	Systems},
  year = {2013},
  address = {Nice, France},
  owner = {ossm_da},
  timestamp = {2013.11.20}
}

@CONFERENCE{ossm_11a,
  author = {D. Ossmann and A. Varga},
  title = {Optimization-based tuning of {LPV} fault detection filters for civil
	transport aircraft},
  booktitle = {Proc. of 4th European Conference for Aerospace Sciences},
  year = {2011},
  address = {St. Petersburg, Russia},
  owner = {ossm_da},
  timestamp = {2012.05.16}
}

@CONFERENCE{Oudin12,
  author = {S. Oudin and G. Ferreres and G. Puyou and P. Mouyon},
  title = {Adaptive {LFT} control of a transport aircraft on the lateral axis},
  booktitle = {Proc. of the IEEE Multi-Conference on Systems and Control (CCA Part)},
  year = {2012},
  owner = {ossm_da},
  timestamp = {2014.02.27}
}

@CONFERENCE{Crepin_00,
  author = {Crepin P.-Y. and Kress R.},
  title = {Model based {F}ault {d}etection for an {A}ircraft {A}ctuator},
  booktitle = {Proc. of ICAS Congress},
  year = {2000},
  address = {Harrogate, United Kingdom},
  owner = {ossm_da},
  timestamp = {2012.12.18}
}

@ARTICLE{packard_1994,
  author = {A. Packard},
  title = {{G}ain {S}cheduling via linear fractional transformations},
  journal = {System and Control Letters},
  year = {1994},
  volume = {22},
  pages = {79-92}
}

@CONFERENCE{packard_1988,
  author = {A. Packard and M. K. H. Fan and J. C. Doyle},
  title = {A power method for the structured singular value},
  booktitle = {Proc. of Conference on Decision and Control},
  year = {1988}
}

@ARTICLE{Pandita13,
  author = {R. Pandita and J. Bokot and G. Balas},
  title = {Closed-loop performance metrics for fault detection and isolation
	filter and controller interaction},
  journal = {International Journal of Robust and Nonlinear Control},
  year = {2013},
  owner = {dossmann},
  timestamp = {2015.09.25}
}

@ARTICLE{patton_96,
  author = {R. J. Patton and J. Chen},
  title = {Robust fault detection and isolation {FDI} systems},
  journal = {Control Dynamic Systems},
  year = {1996},
  volume = {74},
  pages = {176-224},
  owner = {ossm_da},
  timestamp = {2012.07.27}
}

@CONFERENCE{Patton_98,
  author = {R. J. Patton and M. Hou},
  title = {Design of fault detection and isolation observers: a matrix pencil
	approach},
  booktitle = {Automatica},
  year = {1998},
  volume = {34},
  pages = {1135-1140},
  owner = {ossm_da},
  timestamp = {2012.07.25}
}

@ARTICLE{apkarian_2002,
  author = {P. Pellanda and P. Apkarian and H. D. Tuan},
  title = {Missile autopilot design via multi-channel {LFT/LPV} control method},
  journal = {International Journal of Robust and Nonlinear Control},
  year = {2002},
  volume = {12},
  pages = {1-20}
}

@Conference{Petrovi12,
  author    = {V. Petrovi\'{c} and M. Baoti\'{c} and N. Peri\'{c}},
  title     = {Reduction of Wind Turbine Tower Oscillations Based on Individual Pitch Control},
  booktitle = {20th Mediterranean Conference on Control \& Automation},
  year      = {2012},
  location  = {Barcelona, Spain},
  pages     = {1499-1505},
  doi       = {10.1109/MED.2012.6265851},
}

@PhdThesis{Pfif_phd2012,
  author    = {H. Pfifer},
  title     = {{LPV/LFT} Modeling and its Application in Aerospace},
  year      = {2012},
  owner     = {ossm_da},
  school    = {Technical University Munich},
  timestamp = {2012.05.23},
}

@CONFERENCE{Pfif_08,
  author = {H. Pfifer and S. Hecker},
  title = {Generation of optimal linear parametric models for {LFT}-based robust
	stability analysis and control design},
  booktitle = {Proc. of Conference on Decision and Control},
  year = {2008},
  address = {Cancun, Mexico},
  owner = {ossm_da},
  timestamp = {2012.05.23}
}

@Conference{Puy_12,
  author    = {G. Puyou and P. Ezerzere},
  title     = {Tolerance of aircraft longitudinal control to the loss of scheduling information : toward a performance oriented approach},
  booktitle = {Proc. of the 7th IFAC Symposium on Robust Control Design},
  year      = {2012},
  owner     = {ossm_da},
  timestamp = {2014.04.28},
}

@INCOLLECTION{Puyou_12cof,
  author = {G. Puyou and Y. Losser},
  title = {Clearance Benchmark for a Civil Aircraft},
  booktitle = {Optimization Based Clearance of Flight Control Laws},
  publisher = {Springer, Berlin},
  year = {2012},
  editor = {A. Varga and A. Hansson and G. Puyou},
  pages = {11-38},
  owner = {ossm_da},
  timestamp = {2013.06.07}
}

@Conference{retiIEEE13,
  author    = {I. Reti and M. Lukatsi and B. Vanek and I. Gozse and A. Bakos and J. Bokor},
  title     = {Smart Mini Actuators for Safety Critical Unmanned Aerial Vehicles},
  booktitle = {Proc. of 2nd Conference on Control and Fault-Tolerant Systems},
  year      = {2013},
  pages     = {474 - 479},
  owner     = {dossmann},
  timestamp = {2015.09.21},
}

@ARTICLE{Romeral10,
  author = {L. Romeral and J.A. Rosero and A. Garcia Espinosa and J. Cusido and
	J.A. Ortega},
  title = {Electrical Monitoring for Fault Detection in an EMA},
  journal = {IEEE Aaerospace and Electronic Systems Magazine},
  year = {2010},
  volume = {25},
  pages = {4-9},
  owner = {ossm_da},
  timestamp = {2015.04.29}
}

@Conference{rosa15,
  author    = {P. Rosa and J. Vasconcelos and M. Kerr},
  title     = {A {M}ixed-$\mu$ {A}pproach to the {I}ntegrated {D}esign of an {FDI}/{FTC} {S}ystem {A}pplied to a {H}igh-{F}idelity {I}ndustrial {A}irbus {N}onlinear {S}imulator},
  booktitle = {Proc. of 9th IFAC Symposium on Fault Detection, Supervision and Safety for Technical Processes},
  year      = {2015},
  pages     = {988-993},
  doi       = {10.1016/j.ifacol.2015.09.655},
  address   = {Paris, France},
}

@ARTICLE{rosenbrock_1974,
  author = {H. H. Rosenbrock},
  title = {Structural Properties of linear dynamical systems},
  journal = {International Journal of Control},
  year = {1974},
  volume = {20},
  pages = {191-202},
  number = {2}
}

@BOOK{Rosenbrock_1970,
  title = {State-Space and Multivariable Theory},
  publisher = {Wiley, New York},
  year = {1970},
  author = {H. H. Rosenbrock}
}

@ARTICLE{rugh_2000,
  author = {W.J. Rugh and F. Shamma},
  title = {{R}esearch on {G}ain {S}cheduling},
  journal = {Automatica},
  year = {2000},
  volume = {36},
  pages = {1401-1425}
}

@BOOK{Russel_00,
  title = {Data driven techniques for fault detection and diagnosis in chemical
	processes},
  publisher = {Springer},
  year = {2000},
  editor = {M. J. Grimble and M. A. Johnson},
  author = {E. L. Russell and L. H. Chiang and R. D. Braatz},
  owner = {ossm_da},
  timestamp = {2012.08.08}
}

@BOOK{saberi_LTR,
  title = {Loop {T}ransfer {R}ecovery: {A}nalysis and {D}esign},
  publisher = {Springer, London},
  year = {1993},
  author = {A. Saberi and B. M. Chen and P. Sannuti}
}

@ARTICLE{Saberi_00,
  author = {A. Saberi and A.A. Stoorvogel and P. Sannuti and H. Niemann},
  title = {Fundamental problems in fault detection and identification},
  journal = {International Journal of Robust Nonlinear Control},
  year = {2000},
  volume = {10},
  pages = {1209-1236},
  owner = {ossm_da},
  timestamp = {2013.04.18}
}

@ARTICLE{safonov_1977,
  author = {M. G. Safonov and M. Athans},
  title = {Gain and phase margins for for multiloop {LQG} regulators},
  journal = IEEE_J_AC,
  year = {1977},
  volume = {22},
  pages = {173-179}
}

@Article{SafonovEtAl_89IJC_Simplifying,
  author  = {Safonov, M. G. and Limebeer, D. J. N. and Chiang, R. Y.},
  title   = {Simplifying the {$\mathcal{H}_\infty$} Theory via Loopshifting, Matrix-Pencil and Descriptor Concepts},
  year    = {1989},
  volume  = {50},
  number  = {6},
  pages   = {2467--2488},
  doi     = {10.1080/00207178908953510},
  file    = {:C\:\\Users\\jt\\Dropbox\\RT\\LIT\\named\\SafonovEtAl_89IJC_SimplifyingTheHinfTheoryViaLoop-ShiftingMatrix-PencilAndDescriptorConcepts.pdf:PDF},
  journal = {International Journal of Control},
}

@ARTICLE{scherer_2001,
  author = {C. W. Scherer},
  title = {{LPV} control and full block multipliers},
  journal = {Automatica},
  year = {2001},
  volume = {37},
  pages = {361-375}
}

@BOOKLET{scherer_robust_course,
  title = {{L}ecture {N}otes for {C}ourse on {T}heory of {R}obust {C}ontrol},
  author = {C. W. Scherer},
  address = {Dutch Institute of Systems and Control, Delft, The Netherlands},
  year = {2001}
}

@BOOKLET{scherer_lmi_course,
  title = {{L}ecture {N}otes {DISC} {C}ourse on {L}inear {M}atrix {I}nequalities
	in {C}ontrol},
  author = {C. W. Scherer and S. Weiland},
  address = {Dutch Institute of Systems and Control, Delft, The Netherlands},
  year = {1999}
}

@CONFERENCE{Schuck_13,
  author = {F. Schuck and M. Heller and T. Baier and F. Holzapfel},
  title = {Longitudinal {R}obust {C}ontroller for {E}xcellent {H}andling {Q}ualities
	{D}esign of a {G}ernal {A}viation {A}ircraft using {QFT}},
  booktitle = {Proc. of AIAA Guidance, Navigation and Control Conference},
  year = {2013},
  owner = {ossm_da},
  timestamp = {2014.04.29}
}

@ARTICLE{scorletti_1998,
  author = {G. Scorletti and L. El Ghaoui},
  title = {Improved {LMI} {C}onditions for {G}ain {S}cheduling and related {C}ontrol
	{P}roblems},
  journal = {Internatinal Journal of Robust and Nonlinear Control},
  year = {1998},
  volume = {8},
  pages = {845-877}
}

@Conference{Seiler_13,
  author    = {P. Seiler and A. Ozdemir},
  title     = {An Optimal Time-Invariant Approximation for Wind Turbine Dynamics Using the Multi-Blade Coordinate Transformation},
  booktitle = {American Control Conference},
  year      = {2013},
  location  = {Washington, DC, USA},
  pages     = {1442-1447},
  doi       = {10.1109/ACC.2013.6580039},
  owner     = {dossmann},
  timestamp = {2015.12.15},
}

@Conference{Sere13,
  author    = {C. Seren and G. Hardier and P. Ezerzere and G. Puyou},
  title     = {Adaptive extended Kalman filtering for virtual sensing of longitudinal flight parameters},
  booktitle = {Proc. of 2nd Conference on Control and Fault-Tolerant Systems},
  year      = {2013},
  owner     = {ossm_da},
  timestamp = {2014.02.27},
}

@PHDTHESIS{Shamma_88_Analysis,
  author = {Shamma, J. S.},
  title = {Analysis and Design of Gain Scheduled Control Systems},
  school = {Massachusetts Institute of Technology},
  year = {1988},
  file = {:E\:\\LIT\\keyed\\Shamma88.pdf:PDF},
  keywords = {lpv},
  owner = {thei_jl},
  timestamp = {2013.01.08}
}

@Book{Skoge_05,
  author    = {S. Skogestad and I. Postlethwaite},
  title     = {Multivariable Feedback Control -- Analysis and Design},
  year      = {2005},
  publisher = {John Wiley \& Sons},
  location  = {New York},
  owner     = {ossm_da},
  timestamp = {2014.03.10},
}

@ARTICLE{snell_96,
  author = {S. A. Snell and P. W. Stout},
  title = {{Q}uantitative {F}eedback {T}heory with a {S}cheduled {G}ain for
	{F}ull {E}nvelope {L}ongitudinal {F}light {C}ontrol},
  journal = {Journal of Guidance, Control and Dynamics},
  year = {1996},
  volume = {19},
  pages = {1095-1101},
  owner = {ossm_da},
  timestamp = {2014.04.28}
}

@ARTICLE{stein03,
  author = {G. Stein},
  title = {Respect the Unstable},
  journal = {IEEE Control Systems Magazine},
  year = {2003},
  volume = {23},
  pages = {12-25},
  number = {4},
  booktitle = {IEEE Control Systems Magazine,}
}

@Book{Stoi97,
  author    = {P. Stoica and R. L. Moses},
  title     = {Introduction to {S}pectral {A}nalysis},
  year      = {1997},
  note      = {doi:10.1002/9780470612194.ch9},
  publisher = {Upper Saddle River: Prentice Hall},
  doi       = {10.1002/9780470612194.ch9},
  owner     = {ossm_da},
  timestamp = {2012.08.08},
}

@ARTICLE{Stol06,
  author = {K. A. Stol and W. Zhao and A. D. Wright},
  title = {Individual Blade Pitch Control for the Controls Advanced Research
	Turbine {(CART)}},
  journal = {Journal of Solar Energy Engineering},
  year = {2006},
  volume = {128},
  pages = {498-505},
  number = {4},
  doi = {10.1115/1.2349542},
  journaltitle = {Transactions of the ASME}
}

@ARTICLE{Stor97,
  author = {R. Storn and K. Price},
  title = {Differential evolution � a simple and efficient heuristic for global
	optimization over continuous spaces},
  journal = {Journal of Global Optimization},
  year = {1997},
  volume = {11},
  pages = {341-359},
  owner = {ossm_da},
  timestamp = {2013.12.05}
}

@MANUAL{sedumi,
  title = {Sedumi 1.05R5 a Matlab Toolbox for Optimization over Symmetric Cones},
  author = {J.F. Sturm},
  organization = {Department of Econometrics, Tilburg University},
  address = {The Netherlands},
  year = {1998-2003}
}

@CONFERENCE{sugie_95,
  author = {T. Sugie and M. Kawanishi},
  title = {$\mu$-{A}nalysis/{S}ynthesis {B}ased on {E}xact {E}xpression of {P}hysical
	{P}arameter {V}ariations},
  booktitle = {Proc. European Control Conference},
  year = {1995},
  pages = {159-164},
  address = {Rome, Italy}
}

@CONFERENCE{Tan00,
  author = {W. Tan and A. Packard and G. Balas},
  title = {Quasi-{LPV} modeling and {LPV} control of a generic missile},
  booktitle = {Proc. of American Control Conference},
  year = {2000},
  owner = {ossm_da},
  timestamp = {2013.04.22}
}

@CONFERENCE{lambrechts_1993,
  author = {J. Terlouw and P. Lambrechts and S. Bennani and M. Steinbuch},
  title = {Parametric uncertainty modeling using {LFT}s},
  booktitle = {Proc. of American Control Conference},
  year = {1993},
  pages = {267-272},
  address = {San Francisco, CA}
}

@BOOK{tiller,
  title = {Introduction to {P}hysical {M}odeling with {M}odelica},
  publisher = {Kluwer Academic Publishers},
  year = {2001},
  author = {M. Tiller},
  number = {615},
  series = {The Kluwer international series in engineering and computer sciences},
  edition = {1st ed.}
}

@CONFERENCE{Todeschi_14,
  author = {M. Todeschi and L. Baxerres},
  title = {Airbus - Health Monitoring for the Flight Control EMAs 2014 status
	and perspectives},
  booktitle = {Proc. of Recent Advances in Aerospace Actuation Systems and Components},
  year = {2014},
  owner = {ossm_Da},
  timestamp = {2015.01.12}
}

@PATENT{Tootle_82,
  nationality = {US},
  number = {US4841844},
  year = {1982},
  yearfiled = {1989},
  author = {J. N. Tootle},
  title = {Fluid actuators with {LVDT} feedback mechanisms},
  owner = {ossm_da},
  timestamp = {2013.03.01}
}

@Conference{Unguran16,
  author    = {R. Unguran and M. K\"uhn},
  title     = {Combined Individual Pitch and Trailing Edge Flap Control for Structural Load Alleviation of Wind Turbines},
  booktitle = {American Control Conference},
  year      = {2016},
  pages     = {2307-2313},
}

@Conference{Vali16,
  author    = {M. Vali and J.-W. v. Wingerden and M. K\"uhn},
  title     = {Optimal {M}ultivariable {I}ndividual {P}itch {C}ontrol for {L}oad {R}eduction of {L}arge {W}ind {T}urbines},
  booktitle = {American Control Conference},
  year      = {2016},
  pages     = {3163-3169},
}

@ARTICLE{Vanek_14cep,
  author = {B. Vanek and A. Edelmayer and Z. Szab� and J. Bokor},
  title = {Bridging the gap between theory and practice in {LPV} fault detection
	for flight control actuators},
  journal = {Control Engineering Practice},
  year = {2014},
  volume = {31},
  pages = {171-182},
  owner = {ossm_Da},
  timestamp = {2015.01.12}
}

@CONFERENCE{Vane12,
  author = {B. Vanek and Z. Szabo and A. Edelmayer and J. Bokor},
  title = {Fault detection for electrical flight control system actuators using
	parameter dependent estimation},
  booktitle = {Proc. of 8th IFAC Symposium on Fault Detection, Supervision and Safety
	for Technical Processes},
  year = {2012},
  owner = {ossm_da},
  timestamp = {2013.12.05}
}

@CONFERENCE{Vanek_12,
  author = {B. Vanek and Z. Szabo and A. Edelmayer and J. Bokor},
  title = {Fault detection of electrical fight control system actuators using
	parameter dependent estimation},
  booktitle = {Proc. of 8th IFAC Symposium on Fault Detection, Supervision and Safety
	for Technical Processes},
  year = {2012},
  address = {Mexico City, Mexico},
  owner = {ossm_da},
  timestamp = {2012.07.16}
}

@CONFERENCE{Vanek_2012a,
  author = {B. Vanek and Z. Szabo and A. Edelmayer and J. Bokor},
  title = {Performance {C}omparison of {G}eometric and $\text{H}_{\infty}$ {F}ault
	{D}etection {F}ilter {D}esign: {A} {C}ommercial {A}ircraft {E}xample},
  booktitle = {Proc. of 8th IFAC Symposium on Fault Detection, Supervision and Safety
	for Technical Processes},
  year = {2012},
  address = {Mexico City, Mexico},
  owner = {ossm_da},
  timestamp = {2012.11.08}
}

@INCOLLECTION{Varg01f,
  author = {A. Varga},
  title = {Model reduction software in the {SLICOT} library},
  booktitle = {Applied and Computational Control, Signals and Circuits},
  publisher = {Kluwer Academic Publishers, Boston },
  year = {2001},
  editor = {B. N. Datta},
  volume = {629},
  series = {The Kluwer International Series in Engineering and Computer Science},
  pages = {239-282}
}

@Conference{Varg04g,
  author    = {A. Varga},
  title     = {New computational approach for the design of fault detection and isolation filters},
  booktitle = {Advances in Automatic Control},
  year      = {2004},
  editor    = {M. Voicu},
  volume    = {754},
  series    = {The Kluwer International Series in Engineering and Computer Science},
  publisher = {Kluwer Academic Publishers},
  pages     = {367-381},
}

@ARTICLE{Varg13a,
  author = {A. Varga},
  title = {New computational paradigms in solving fault detection and isolation
	problems},
  journal = {Annual Reviews in Control},
  year = {2013},
  volume = {36},
  pages = {809-835},
  owner = {ossm_da},
  timestamp = {2013.04.18}
}

@CONFERENCE{Var11a,
  author = {A. Varga},
  title = {On parametric solution of fault detection problems},
  booktitle = {Proc. of 18th IFAC World Congress},
  year = {2011},
  address = {Milano, Italy},
  owner = {ossm_da},
  timestamp = {2012.05.15}
}

@CONFERENCE{Varga_11,
  author = {A. Varga},
  title = {Synthesis of robust gain scheduling based fault detection filters
	for a class of parameter uncertain nonlinear systems},
  booktitle = {Proc. of 19th Mediterranean Conference on Control and Automation},
  year = {2011},
  address = {Corfu, Greece},
  owner = {ossm_da},
  timestamp = {2013.01.15}
}

@CONFERENCE{Var09,
  author = {A. Varga},
  title = {The nullspace method a unifying paradigm to fault detection},
  booktitle = {Proc. of Conference on Decision and Control},
  year = {2009},
  address = {Shanghai, China},
  owner = {ossm_da},
  timestamp = {2012.05.15}
}

@Conference{Varg09_p1,
  author    = {A. Varga},
  title     = {Monitoring actuator failures for large transport aircraft},
  booktitle = {Proc. of 7th IFAC Symposium on Fault Detection, Supervision and Safety for Technical Processes},
  year      = {2009},
  address   = {Barcelona, Spain},
  optpages  = {176-181},
}

@CONFERENCE{Varga_09c,
  author = {A. Varga},
  title = {General computational approach for optimal fault detection},
  booktitle = {Proc. of 7th IFAC Symposium on Fault Detection, Supervision and Safety
	for Technical Processes},
  year = {2009},
  address = {Barcelona, Spain},
  owner = {ossm_da},
  timestamp = {2012.05.25}
}

@Conference{Varga_09d,
  author    = {A. Varga},
  title     = {On computing achievable fault signatures},
  booktitle = {Proc. of 7th IFAC Symposium on Fault Detection, Supervision and Safety for Technical Processes},
  year      = {2009},
  note      = {doi:10.3182/20090630-4-ES-2003.00154},
  pages     = {935-940},
  doi       = {10.3182/20090630-4-ES-2003.00154},
  address   = {Barcelona, Spain},
  owner     = {ossm_da},
  timestamp = {2012.05.25},
}

@TECHREPORT{Varga_09r,
  author = {A. Varga},
  title = {{Linear synthesis techniques of {FD} and {FDI} filters - the state-of-the-art}},
  institution = {DLR Oberpfaffenhofen, Institute of Robotics and Mechatronics},
  year = {2009},
  owner = {ossm_da},
  timestamp = {2012.05.24}
}

@CONFERENCE{Varga09_f,
  author = {Varga, A.},
  title = {Least order fault and model detection using multi-models},
  booktitle = {Proc. of Conference on Decision and Control},
  year = {2009},
  address = {Shanghai, China},
  owner = {ossm_da},
  timestamp = {2013.11.20}
}

@TECHREPORT{Varg08_r1,
  author = {A. Varga},
  title = {{Linear {FDI}-Techniques and Software Tools. \texttt{FAULT DETECTION}
	Toolbox V0.8 - Technical Documentation {IB} 515-08-18}},
  institution = {DLR Oberpfaffenhofen, Institute of Robotics and Mechatronics},
  year = {2008}
}

@CONFERENCE{varga_08,
  author = {Varga, A.},
  title = {On computing nullspace bases - a fault detection perspective},
  booktitle = {Proc. of 17th IFAC World Congress},
  year = {2008},
  address = {Seoul, South Korea},
  doi = {10.3182/20080706-5-KR-1001.01062},
  owner = {ossm_da},
  timestamp = {2012.05.30}
}

@TECHREPORT{Varg07e,
  author = {A. Varga},
  title = {{Design of Least Order Residual Generators for Fault Detection and
	Isolation with Application to Monitoring Actuator/Surface Faults
	for a Boeing 747 100/200 Aircraft}, {GARTEUR AG-16 TP-2007-1}},
  institution = {DLR Oberpfaffenhofen, Institute of Robotics and Mechatronics},
  year = {2007},
  month = {May}
}

@Conference{varga07,
  author    = {A. Varga},
  title     = {On designing least order residual generators for fault detection and isolation},
  booktitle = {Proc. of 16th International Conference on Control Systems and Computer Science},
  year      = {2007},
  pages     = {323-330},
  doi       = {10.1.1.585.678},
  abstract  = {This paper addresses the problem of designing residual generators
	with least dynamical order to solve a class of fault detection and
	isolation problems. The main computational ingredients are discussed
	for the determination of least order residual generators achieving
	a desired fault-to-residual influence matrix. An application of the
	proposed techniques to the pitch axis actuator fault monitoring for
	a Boeing 747 aircraft is presented.},
  address   = {Bucharest, Romania},
  key       = {Fault detection, minimum degree design, dynamic covers, aircraft fault monitoring},
}

@Conference{varga06,
  author    = {A. Varga},
  title     = {{A} {F}ault {D}etection {T}oolbox for {Matlab}},
  booktitle = {Proc. of CASCD},
  year      = {2006},
  pages     = {3013-3018},
  doi       = {10.1109/CACSD-CCA-ISIC.2006.4777118},
  url       = {http://elib.dlr.de/44673},
  abstract  = {The recently developed FAULT DETECTION Toolbox for MATLAB is described.
	The new toolbox provides a comprehensive set of high level m-functions
	to support the design of residual generation filters using reliable
	numerical algorithms recently developed by the author. The basic
	computational layer is formed by the DESCRIPTOR SYSTEMS Toolbox which
	contains all necessary tools to solve the underlying numerical problems.
	The m-functions based user interfaces ensure user-friendliness in
	operating with the functions of this toolbox via an object oriented
	approach.},
  address   = {Munich, Germany},
}

@Conference{Varg05f,
  author    = {A. Varga},
  title     = {Numerically reliable methods for optimal design of fault detection filters},
  booktitle = {Proc. of Conference on Decision and Control},
  year      = {2005},
  note      = {doi:10.1109/CDC.2005.1582520},
  pages     = {2391-2396},
  doi       = {10.1109/CDC.2005.1582520},
  address   = {Seville, Spain},
  optpages  = {176-181},
}

@CONFERENCE{Varga_03,
  author = {A. Varga},
  title = {On computing least order fault detection filters using rational nullspace
	bases},
  booktitle = {Proc. of 5th IFAC Symposium on Fault Detection, Supervision and Safety
	for Technical Processes},
  year = {2003},
  address = {Washington D.C., USA},
  owner = {ossm_da},
  timestamp = {2012.08.02}
}

@Conference{Varg00,
  author    = {A. Varga},
  title     = {A descriptor systems toolbox for \textsc{Matlab}},
  booktitle = {Proc. CACSD'2000 Symposium, Anchorage, Alaska},
  year      = {2000},
  optpages  = {176-181},
}

@ARTICLE{Varg89,
  author = {A. Varga},
  title = {Computation of irreducible generalized state-space realizations},
  journal = {Kybernetika},
  year = {1989},
  volume = {26},
  pages = {89-106}
}

@ARTICLE{Varga_conred,
  author = {A. Varga and B. D. O. Anderson},
  title = {Accuracy-enhancing methods for balancing-related frequency-weighted
	model and controller reduction},
  journal = {Automatica},
  year = {2003},
  volume = {39},
  pages = {919-927}
}

@BOOK{Coflcuo_12,
  title = {Optimization Based Clearance of Flight Control Laws},
  publisher = {Springer Verlag, Berlin},
  year = {2012},
  author = {A. Varga and A. Hansson and G. Puyou},
  owner = {ossm_da},
  timestamp = {2012.07.24}
}

@CONFERENCE{Varg11d,
  author = {A. Varga and S. Hecker and D. Ossmann},
  title = {Diagnosis of actuator faults using {LPV}-gain scheduling techniques},
  booktitle = {Proc. of AIAA Guidance, Navigation, and Control Conference},
  year = {2011},
  address = {Portland, Oregon, USA},
  owner = {ossm_da},
  timestamp = {2012.05.15}
}

@Conference{Varg99a,
  author    = {A. Varga and G. Looye},
  title     = {Symbolic and numerical software tools for {LFT}-based low order uncertainty modeling},
  booktitle = {Proc. CACSD'99 Symposium, Kohala Coast, Hawaii},
  year      = {1999},
  optpages  = {176-181},
}

@ARTICLE{RCAM_1998,
  author = {A. Varga and G. Looye and D. Moormann and G. Gr{\"u}bel},
  title = {Automated generation of {LFT}-based parametric uncertainty descriptions
	from generic aircraft models},
  journal = {Mathematical and Computer Modelling of Dynamical Systems},
  year = {1998},
  volume = {4},
  pages = {249-274}
}

@ARTICLE{Varg98d,
  author = {A. Varga and G. Looye and D. Moormann and G. Gr\"ubel},
  title = {Automated {G}eneration of {LFT}-{B}ased {P}arametric {U}ncertainty
	{D}escriptions from {G}eneric {A}ircraft {M}odels},
  journal = {Mathematical and Computer Modelling of Dynamical Systems},
  year = {1998},
  volume = {4},
  pages = {249-274},
  optnote = {also as a GARTEUR Report TP-088-36 at http://www.nlr.nl/public/hosted-sites/garteur/sum36.html}
}

@Article{VOss_13a,
  author    = {A. Varga and D. Ossmann},
  title     = {{LPV}-techniques based robust diagnosis of flight actuator faults},
  journal   = {Control Engineering Practice},
  year      = {2014},
  volume    = {31},
  pages     = {135-147},
  doi       = {10.1016/j.conengprac.2013.11.004},
  owner     = {ossm_da},
  timestamp = {2013.03.07},
}

@PATENT{Ossm_Pat_13,
  nationality = {DE},
  number = {10 2013 009 813},
  year = {2013},
  yearfiled = {2014},
  author = {A. Varga and D. Ossmann},
  title = {Verfahren und {S}ystem zur {D}etektion und {I}dentifikation eines
	oszillatorischen {F}ehlers in einem {F}lugsteuerungssystem eines
	{L}uftfahrzeugs},
  language = {Deutsch},
  owner = {ossm_da},
  timestamp = {2013.06.07}
}

@PATENT{Ossm_Pat_12,
  nationality = {DE},
  number = {10 2012 009 657},
  year = {2012},
  yearfiled = {2013},
  author = {A. Varga and D. Ossmann},
  title = {Verfahren und {S}ystem zur {D}etektion und {I}dentifikation eines
	oszillatorischen {F}ehlers in einem {F}lugsteuerungssystem eines
	{L}uftfahrzeugs},
  language = {Deutsch},
  owner = {ossm_da},
  timestamp = {2013.06.07}
}

@CONFERENCE{ossmann_12,
  author = {A. Varga and D. Ossmann},
  title = {{LPV}-model based identification approach of oscillatory failure
	case},
  booktitle = {Proc. of 8th IFAC Symposium on Fault Detection, Supervision and Safety
	for Technical Processes},
  year = {2012},
  address = {Mexico City, Mexico},
  owner = {ossm_da},
  timestamp = {2012.08.09}
}

@CONFERENCE{var_ossm_13a,
  author = {A. Varga and D. Ossmann and P. Goupil and G. Sabot},
  title = {Verification and validation of a {FDD} system for identification
	of flight actuator jamming},
  booktitle = {Proc. of 19th IFAC Symposium on Automatic Control in Aerospace},
  year = {2013},
  address = {Wuerzburg, Germany},
  owner = {ossm_da},
  timestamp = {2012.12.20}
}

@CONFERENCE{VarOss_14a,
  author = {A. Varga and D. Ossmann and H.-D. Joos},
  title = {A fault diagnosis based reconfigurable longitudinal control system
	for managing loss of air data sensors for a civil aircraft},
  booktitle = {Proc. of 18th IFAC World Congress},
  year = {2014},
  owner = {ossm_da},
  timestamp = {2014.02.27}
}

@ARTICLE{verghese_1981,
  author = {G. Verghese and B. L\'evy and T. Kailath},
  title = {A Generalized State-Space for Singular Systems},
  journal = IEEE_J_AC,
  year = {1981},
  volume = {26},
  pages = {811-831}
}

@ARTICLE{Vinn93,
  author = {G. Vinnicombe},
  title = {Frequency domain uncertainty and the graph topology},
  journal = {IEEE Transactions on Automatic Control},
  year = {1993},
  volume = {38},
  pages = {1371-1383},
  owner = {ossm_da},
  timestamp = {2013.12.05}
}

@ARTICLE{van_de_wal_2002,
  author = {M. van de Wal and G. van Baars and F. Sperling and O. Bosgra},
  title = {Multivariable {$H_{\infty}/\mu$} feedback control design for high-precision
	wafer stage motion},
  journal = {Control Engineering Practice},
  year = {2002},
  volume = {10},
  pages = {739-755}
}

@Conference{wan15,
  author    = {Y. Wan and T. Keviczky},
  title     = {Fault Detection and Isolation for Air Data Sensors Using Real-Time Moving Horizon Estimation},
  booktitle = {Proc. AIAA SciTech 2015, Guidance, Navigation and Control Conference},
  year      = {2015},
  note      = {doi:10.2514/6.2015-1083},
  location  = {Kissimee, FL, USA},
  doi       = {10.2514/6.2015-1083},
  address   = {Kissimee, FL, USA},
}

@Conference{wan16,
  author    = {Y. Wan and T. Keviczky and M. Verhaegen},
  title     = {Robust air data sensor fault diagnosis with enhanced fault sensitivity using moving horizon estimation},
  booktitle = {Proc of American Control Conference},
  year      = {2016},
  pages     = {5969-5975},
  doi       = {10.1109/ACC.2016.7526606},
  address   = {Boston, USA},
}

@Conference{Wang16,
  author    = {N. Wang and A. D. Wright and K. E. Johnson},
  title     = {Independent Blade Pitch Controller Design for a Three-Bladed Turbine Using Disturbance Accommodating Control},
  booktitle = {American Control Conference},
  year      = {2016},
  pages     = {2301-2306},
}

@CONFERENCE{Wang_08,
  author = {X. Wang and V. L. Syrmos},
  title = {Fault detection, identification and estimation in the electro-hydraulic
	actuator system using {EKF}-based multiple-model estimation},
  booktitle = {Proc. of 16th Mediterranean Control Conference on Control and Automation},
  year = {2008},
  owner = {ossm_da},
  timestamp = {2012.08.20}
}

@ARTICLE{waszak_1988,
  author = {Martin R. {Waszak} and Dave K. {Schmidt}},
  title = {{Flight Dynamics of Aeroelastic Vehicles}},
  journal = {Journal of Aircraft},
  year = {1988},
  volume = {25},
  pages = {563-571},
  number = {6},
  month = {June}
}

@ARTICLE{Waranabe_82,
  author = {U. Watanabe and D. Himmelblau},
  title = {Instrument fault detection in systems with uncertainties},
  journal = {International Journal of Systems Science},
  year = {1982},
  volume = {13},
  pages = {137-158},
  owner = {ossm_da},
  timestamp = {2012.07.25}
}

@ARTICLE{welford_62,
  author = {B. P. Welford},
  title = {Note on a {M}ethod for {C}alculating {C}orrected {S}ums of {S}quares
	and {P}roducts},
  journal = {Technometrics},
  year = {1962},
  volume = {4},
  pages = {419-420},
  owner = {ossm_da},
  timestamp = {2012.08.09}
}

@ARTICLE{willems_1991,
  author = {J. C. Willems},
  title = {Paradigms and {P}uzzles in the {T}heory of {D}ynamical {S}ystems},
  journal = IEEE_J_AC,
  year = {1991},
  volume = {36},
  pages = {259-294},
  number = {3}
}

@PhdThesis{wu_thesis,
  author = {F. Wu},
  title  = {{Control of Linear Parameter Varying Systems}},
  year   = {1995},
  school = {University of California, Berkley},
}

@Article{WuEtAl_96IJRNC_Induced,
  author  = {Fen Wu and X.H. Yang and Andy Packard and Greg Becker},
  title   = {{Induced {$\mathcal{L}_2$}-Norm Control for {LPV} Systems with Bounded Parameter Variation Rates}},
  journal = {International Journal of Robust and Nonlinear Control},
  year    = {1996},
  volume  = {6},
  pages   = {2379--2383},
  doi     = {10.1002/(SICI)1099-1239(199611)6:9/10$<$983::AID-RNC263$>$3.0.CO;2-C},
}

@Conference{wu_acc,
  author    = {F. Wu and XH Yang and A. Packard and G. Becker},
  title     = {{Induced $L_2$-norm control for {LPV} system with bounded parameter variation rates}},
  booktitle = {Proc. of American Control Conference},
  year      = {1995},
}

@CONFERENCE{yang13,
  author = {X. Yang and M. Warren and B. Arain and B. Upcroft and F. Gonzalez
	and L. Mejias},
  title = {A {UKF}-based Estimation Strategy for Actuator Fault Detection of
	{UAS}s},
  booktitle = {2013 International Conference on Unmanned Aircraft Systems (ICUAS)
	Atlanta, GA, USA},
  year = {2013},
  pages = {516-525},
  owner = {dossmann},
  timestamp = {2015.09.24}
}

@CONFERENCE{boeing96,
  author = {Y.C Yeh},
  title = {Triple-triple redundant 777 primary flight computer},
  booktitle = {Proceedings on the 1996 aerospace applications conference},
  year = {1996},
  pages = {293-307},
  owner = {dossmann},
  timestamp = {2015.09.22}
}

@ARTICLE{Yu_12,
  author = {X. Yu and J. Jang},
  title = {Hybrid {F}ault-{T}olerant {F}light {C}ontrol {S}ystem {D}esign {A}gainst
	{P}artial {A}ctuator {F}ailures},
  journal = {IEEE Transactions on Control Systems Technology},
  year = {2012},
  volume = {20},
  pages = {871-886},
  owner = {ossm_da},
  timestamp = {2012.08.06}
}

@ARTICLE{zames_1981,
  author = {G. Zames},
  title = {Feedback and optimal sensitivity: {M}odel reference transformations,
	multiplicative seminorms, and approximate inverse},
  journal = IEEE_J_AC,
  year = {1981},
  volume = {26},
  pages = {301-320},
  number = {2}
}

@CONFERENCE{Zerz98,
  author = {E. Zerz},
  title = {Linear Fractional Representations of Polynomially Parametrized Descriptor
	Systems},
  booktitle = {Proc. of 3rd Portuguese Conference on Automatic Control (Controlo
	98)},
  year = {1998}
}

@BOOK{Zhou98,
  title = {Essentials of {R}obust {C}ontrol},
  publisher = {Prentice Hall},
  year = {1998},
  author = {K. Zhou and J. C. Doyle}
}

@Book{Zhou96,
  author    = {K. Zhou and J. C. Doyle and K. Glover},
  title     = {Robust and Optimal Control},
  year      = {1996},
  publisher = {Prentice Hall},
  location  = {New Jersey},
}

@CONFERENCE{zolghari_11,
  author = {A. Zolghadri},
  title = {The challenge of advanced model-based {FDIR} techniques for aerospace
	systems: the 2011 situation},
  booktitle = {Proc. of 4th European Conference for Aerospace Sciences},
  year = {2011},
  address = {St. Petersburg, Russia},
  owner = {ossm_da},
  timestamp = {2012.07.31}
}

@Conference{Zolghadri15,
  author    = {A. Zolghadri and J. Cieslak and D. Efimov and D. Henry and P. Goupil and R. Dayre and A. Gheorghe and H. Leberre},
  title     = {Signal and model-based fault detection for aircraft systems},
  booktitle = {Proc. of 9th IFAC Symposium on Fault Detection, Supervision and Safety for Technical Processes},
  year      = {2015},
  note      = {doi:10.1016/j.ifacol.2015.09.673},
  location  = {Paris, France},
  pages     = {1096-1101},
  doi       = {10.1016/j.ifacol.2015.09.673},
  address   = {Paris, France},
  owner     = {dossmann},
  timestamp = {2015.12.28},
}

@ARTICLE{zolghardi_11,
  author = {A. Zolghadri and A. Gheorghe and J. Cieslak and D. Henry and P. Goupil
	and R. Dayre and H. Le Berre},
  title = {A {M}odel-based {S}olution to {R}obust and {E}arly {D}etection of
	{C}ontrol {S}urface {R}unaways},
  journal = {SAE International Journal of Aerospace},
  year = {2011},
  volume = {4},
  pages = {1500-1505},
  owner = {ossm_da},
  timestamp = {2012.12.06}
}

@CONFERENCE{zweiri_04,
  author = {Y. H. Zweiri and L. D. Seneviratne and K. Althoefer},
  title = {Identification methods for excavator arm parameters},
  booktitle = {Proc. of 43th SICE Annual Conference},
  year = {2004},
  address = {Sapporo, Japan},
  owner = {ossm_da},
  timestamp = {2012.06.22}
}

@WWW{eolos,
  author = {University of Minnesota},
  title  = {{EOLOS} Wind Energy Research Consortium},
  year   = {2017},
  url    = {www.eolos.umn.edu/facilities/eolos-wind-research-station},
  note   = {{www.eolos.umn.edu/facilities/eolos-wind-research-station}},
}

@TechReport{BFU1114,
  title       = {{B}ulletin {N}ovember 2014},
  institution = {German Federal Bureau of Aircraft Accident Investigation},
  year        = {2014},
  address     = {Hermann-Blenk-Str. 16, 38108 Braunschweig, Germany},
  owner       = {ossm_da},
  timestamp   = {2015.04.14},
}

@STANDARD{mil8785C,
  title = {MIL-F-8785C, Military Specification, Flying Qualities of Piloted
	Airplanes},
  organization = {Department of Defense},
  institution = {Department of Defense},
  address = {Washington},
  year = {1980},
  owner = {ossm_da},
  timestamp = {2014.05.09}
}

@STANDARD{Norm_LF70,
  title = {Luftfahrtnorm - {F}lugmechanik: {B}egriffe, {B}enennungen, {Z}eichen,
	{G}rundlagen},
  organization = {Normenstelle Luftfahrt},
  institution = {Normenstelle Luftfahrt},
  number = {LN 9300 Blatt 1},
  address = {Leinfelden},
  year = {1970},
  owner = {ossm_da},
  timestamp = {2012.06.26}
}

@TechReport{Bossanyi10,
  author      = {E. Bossanyi and A. Wright and P. Fleming},
  title       = {Controller Field Tests on the {NREL} {CART}2 Turbine},
  institution = {National Renewable Energy Laboratory},
  year        = {2010},
  number      = {NREL/TP-5000-49085},
}

@TechReport{Harris06,
  author      = {M. Harris and H. Hand and A. Wright},
  title       = {{LIDAR} for Turbine Control},
  institution = {National Renewable Energy Laboratory},
  year        = {2006},
  number      = {NREL/TP-500-39154},
}

@Conference{Simley11,
  author    = {E. Simley and L.Y. Pao and R. Frehlich and B. Jonkman and N. Kelley},
  title     = {Analysis of Wind Speed Measurements using Continuous Wave {LIDAR} for Wind Turbine Control},
  booktitle = {49th AIAA Aerospace Sciences Meeting},
  year      = {2011},
  doi       = {10.2514/6.2011-263},
}

@Article{Diaz14,
  author  = {A. Diaz de Corcuera and A. Pujana-Arrese and J. M. Ezquerra and A. Milo and J. Landaluze},
  title   = {Linear Models-based {LPV} Modelling and Control for Wind Turbines},
  year    = {2014},
  volume  = {18},
  pages   = {1151-1168},
  doi     = {10.1002/we.1751},
  journal = {Wind Energy},
}

@Conference{Lescher06,
  author    = {F. Lescher and H. Camblong and O. Curea and R. Briand},
  title     = {{LPV} Control of Wind Turbines for Fatigue Loads Reduction using Intelligent Micro Sensors},
  booktitle = {American Control Conference},
  year      = {2007},
  location  = {New York City, NY, USA},
  pages     = {6061-6066},
  doi       = {10.1109/ACC.2007.4282790},
}

@TechReport{Laino02,
  author      = {D. J. Laino and A. C. Hansen},
  title       = {{USER'S GUIDE} to the {W}ind {T}urbine {A}erodynamics {C}omputer {S}oftware {A}ero{D}yn},
  institution = {Windward Engineering, LC},
  year        = {2002},
}

@Article{Bossanyi13,
  author  = {E. A. Bossanyi and P. Flemming and A. Wright},
  title   = {Validation of Individual Pitch Control by Field Tests on Two- and Three-Bladed Wind Turbines},
  year    = {2013},
  volume  = {21},
  number  = {4},
  pages   = {1067-1078},
  doi     = {10.1109/TCST.2013.2258345},
  journal = {IEEE Transactions on Control Systems Technology},
}

@Article{ChristenGeering_97SCL_Inverting,
  author  = {U. Christen and H.P. Geering},
  title   = {Inverting and Noninverting {$\mathcal{H}_\infty$} Controllers},
  year    = {1997},
  volume  = {30},
  pages   = {31-38},
  journal = {Systems {\&} Control Letters},
  owner   = {dossmann},
}

@Article{Hooke61,
  author  = {R. Hooke and T. A. Jeeves},
  title   = {Direct {S}earch {S}olution of {N}umerical and {S}tatistical {P}roblems},
  journal = {Journal of the ACM (JACM)},
  year    = {1961},
  volume  = {8},
  issue   = {2},
  pages   = {212-229},
  doi     = {10.1145/321062.321069},
  owner   = {dossmann},
}

@Book{Eiben07,
  author = {A.E. Eiben and J.E. Smith},
  title  = {Introduction to Evolutionary Computation},
  year   = {2007},
  owner  = {dossmann},
}

@Book{Goldberg89,
  author    = {D.E. Goldberg},
  title     = {Genetic Algorithms in Search, Optimization and Machine Learning},
  year      = {1989},
  publisher = {Addison-Wesley},
  owner     = {dossmann},
}

@Conference{Chen16,
  author    = {L. Chen and H. Alwi, and C. Edwards},
  title     = {Application and evaluation of an {LPV} integral sliding mode fault tolerant control scheme on the {RECONFIGURE} benchmark},
  booktitle = {In Proc. of American Control Conference},
  year      = {2016},
  pages     = {3692-3697},
  doi       = {10.1109/ACC.2016.75254873697},
  owner     = {dossmann},
}

@Conference{Peni14,
  author    = {T. Peni and Balint Vanek and Z. and Szabo and J. Bokor},
  title     = {Dynamic Sensor Allocation Framework for Fault Tolerant Flight Control},
  booktitle = {Proc. of 19th IFAC World Congress},
  year      = {2014},
  pages     = {3477-3482},
  doi       = {10.3182/20140824-6-ZA-1003.01597},
}

@Conference{Peni13,
  author    = {PeniT. Peni and Balint Vanek and Z. and Szabo and P. Gaspar and J. Bokor},
  title     = {Supervisory fault tolerant control of the {GTM} {UAV} using {LPV} methods},
  booktitle = {Proc. of 2nd Conference on Control and Fault-Tolerant Systems (SysTol'13)},
  year      = {2013},
  pages     = {655-660},
  doi       = {10.1109/SysTol.2013.6693938},
}

@Article{Deb14,
  author  = {K. Deb and D. Deb},
  title   = {Analyzing Mutation Schemes for Real-Parameter Genetic Algorithms},
  journal = {International Journal of Artificial Intelligence and Soft Computing},
  year    = {2014},
  volume  = {4},
  number  = {1},
  pages   = {1-28},
  doi     = {10.1504/IJAISC.2014.059280},
}

@Book{Fielding02,
  author    = {C. Fielding and A. Varga and S. Bennani and M. Selier},
  title     = {Advanced {T}echniques for {C}learance of {F}light {C}ontrol {L}aws},
  year      = {2002},
  editor    = {C. Fielding and A. Varga and S. Bennani and M. Selier},
  publisher = {Springer-Verlag Heidelberg},
  pages     = {107-117},
  doi       = {10.1007/3-540-45864-6},
  owner     = {dossmann},
}

@Conference{Kerr16,
  author    = {M. Kerr and P. Goupil and J. Boada-Bauxell and Paulo Rosa and C. Recupero},
  title     = {{RECONFIGURE} {FP}7 project preliminary results and contributions},
  booktitle = {Proc. of 3nd Conference on Control and Fault-Tolerant Systems},
  year      = {2016},
  pages     = {777-782},
  doi       = {10.1109/SYSTOL.2016.7739842},
  owner     = {dossmann},
}

@Conference{OssJoos16,
  author    = {D. Ossmann and H.-D. Joos},
  title     = {Combining sensor monitoring and fault tolerant control to maintain flight control system functionalities},
  booktitle = {Proc. of 20th IFAC Symposium on Automatic Control in Aerospace},
  year      = {2016},
  pages     = {46-51},
}

@Conference{Gibson11,
  author    = {T.E. Gibson and A.M. Annaswamy},
  title     = {Modeling for {C}ontrol of {V}ery {F}lexible {A}ircraft},
  booktitle = {Proc. of AIAA Guidance, Navigation, and Control Conference},
  year      = {2011},
}

@Article{Waszak88,
  author  = {M. R. Waszak and D. K. Schmidt},
  title   = {Flight dynamics of aeroelastic vehicles},
  journal = {Journal of Aircraft},
  year    = {1988},
  volume  = {25},
  pages   = {563-571},
}

@Book{Wright07,
  author    = {J. R. Wright and J. E. Cooper},
  title     = {Introduction to {A}ircraft {A}eroelasticity and {L}oads},
  year      = {2007},
  publisher = {John Wiley \& Sons},
}

@Conference{Dasgupta04,
  author    = {Immunity-{B}ased {A}ircraft {F}ault {D}etection {S}ystem},
  title     = {D. Dasgupta and K. KrishnaKumar and D. Wong and M. Berry},
  booktitle = {Proc of AIAA 1st Intelligent Systems Technical Conference},
  year      = {2004},
  note      = {doi:10.2514/6.2004-6277},
  location  = {Chicago, IL},
  doi       = {10.2514/6.2004-6277},
}

@Conference{Guo12,
  author    = {J. Guo and G. Tao},
  title     = {Adaptive {F}ault {D}etection and {F}ault-{T}olerant {C}ontrol of {NASA} {G}eneric {T}ransport {A}ircraft {M}odel},
  booktitle = {Proceedings of IFAC SAFEPROCESS 2012},
  year      = {2012},
  note      = {doi:10.13140/2.1.4461.6006},
  pages     = {307-312},
  doi       = {10.13140/2.1.4461.6006},
}

@Conference{Ansari16,
  author    = {A. Ansari and D. S. Bernstein},
  title     = {Aircraft {S}ensor {F}ault {D}etection {U}sing {S}tate and {I}nput {E}stimation},
  booktitle = {Proc. of American Control Conference},
  year      = {2016},
  note      = {doi:10.1109/ACC.2016.7526603},
  location  = {Boston, MA, USA},
  pages     = {5951-5956},
  doi       = {10.1109/ACC.2016.7526603},
  address   = {Boston, MA, USA},
}

@Conference{Freeman11,
  author    = {P. Freeman and P. Seiler and G. J. Balas},
  title     = {Robust {F}ault {D}etection for {C}ommercial {T}ransport {A}ir {D}ata {P}robes},
  booktitle = {Proc. of 18th IFAC World Congress},
  year      = {2011},
  note      = {doi:10.3182/20110828-6-IT-1002.03750},
  location  = {Milano, Italy},
  pages     = {13723-13728},
  doi       = {10.3182/20110828-6-IT-1002.03750},
  address   = {Milano, Italy},
}

@Conference{Jordan05,
  author    = {T. Jordan and W. Langford and J. Hill},
  title     = {Airborne subscale transport aircraft research testbed-aircraft model development},
  booktitle = {Proc. of AIAA Guidance, Navigation, and Control Conference and Exhibit},
  year      = {2005},
  note      = {doi:10.2514/6.2005-6432},
  location  = {San Francisco, CA},
  doi       = {10.2514/6.2005-6432},
  address   = {San Francisco, CA, USA},
}

@TechReport{Gracey58,
  author      = {W. Gracey},
  title       = {Summary of methods of measuring angle of attack on aircraft},
  institution = {National Advisory Committee for Aeronautics},
  year        = {1958},
  number      = {4351},
  location    = {Langley Field, VA, USA},
}

@Article{Sanches13,
  author  = {L. Sanches and D.Alazard and G. Michon and A. Berlioz},
  title   = {Robustness Analysis of Helicopter Ground Resonance with Parametric Uncertainties in Blade Properties},
  journal = {Journal of Guidance, Control, and Dynamics},
  year    = {2013},
  volume  = {36},
  number  = {1},
  pages   = {272-281},
}

@Conference{Joensson99,
  author    = {U. J{\"o}nsson and C.-Y Kao and A. Megretski},
  title     = {Robustness Analysis of Periodic Systems},
  booktitle = {Proc. of 38th Conference on Decision adn Control},
  year      = {1999},
  location  = {Phoenix, Arizona, USA},
  pages     = {1839-1844},
}

@Article{Megretski97,
  author  = {A. Megretski and A. Rantzer},
  title   = {System analysis via integral quadratic constraints},
  journal = {IEEE Trans. on Automatic Control},
  year    = {1997},
  volume  = {42},
  pages   = {819-830},
}

@Article{Wu96,
  author  = {F. Wu and X. H. Yang and A. Packard and G. Becker},
  title   = {{Induced $L_2$ norm control for LPV systems with bounded parameter variation rates}},
  journal = {International Journal of Robust and Nonlinear Control},
  year    = {1996},
  volume  = {6},
  pages   = {983-998},
}

@Conference{Seiler2010,
  author    = {P. Seiler and A. Packard and G. Balas},
  title     = {A dissipation inequality formulation for stability analysis with integral quadratic constraints},
  booktitle = {Proc. of IEEE Conference on Decision and Control},
  year      = {2010},
  pages     = {2304-2309},
  journal   = {IEEE Conference on Decision and Control},
}

@Article{Kim06,
  author  = {Kim, J., Bates, D., and Postlethwaite, I.},
  title   = {Robustness Analysis of Linear Periodic Time-Varying Systems Subject to Structured Uncertainty},
  journal = {Systems \& Control Letters},
  year    = {2006},
  volume  = {55},
  number  = {9},
  pages   = {719-725},
  doi     = {10.1016/j.sysconle.2006.02.005},
}

@Article{Rabenasolo94,
  author  = {B. Rabenasolo and A. E. Moudni and J. Richard},
  title   = {{Robust Stability for Linear Periodic Systems under Structured Uncertainties}},
  journal = {Systems Analysis Modelling Simulation},
  year    = {1994},
  volume  = {16},
  number  = {2},
  pages   = {123-139},
}

@Article{Gusev10,
  author  = {S. Gusev and S. Johansson and B. Kagstrom and A. Shiriaev and A.Varga},
  title   = {A numerical evaluation of solvers for the periodic {R}iccati differential equation},
  journal = {BIT Numerical Mathematics},
  year    = {2010},
  volume  = {50},
  number  = {2},
  pages   = {301-329},
  doi     = {10.1007/s10543-010-0257-5},
}

@Conference{Gusev07,
  author    = {S. Gusev and A. Shiriaev and L. Freidovich},
  title     = {LMI approach for solving periodic matrix {R}iccati equation},
  booktitle = {Proc. of 3rd IFAC Workshop on Periodic Control Systems},
  year      = {2007},
  location  = {Sankt Peterburg, Russia},
  pages     = {254-256},
  doi       = {10.3182/20070829-3-RU-4912.00044},
}

@Article{Schug17,
  author  = {A.-K. Schug and P. Seiler and H. Pfifer},
  title   = {Robustness Margins for Linear Parameter Varying Systems},
  journal = {Aerospace Lab},
  year    = {2017},
  issue   = {13},
}

@Article{,
}

@Article{Pfifer15,
  author  = {H. Pfifer and P. Seiler},
  title   = {Robustness analysis of linear parameter varying systems using integral quadratic constraints},
  journal = {Journal of Robust and Nonlinear Control},
  volume  = {25},
  number  = {15},
  pages   = {2843-2864},
}

@Article{Pfifer16,
  author  = {H. Pfifer and P. Seiler},
  title   = {Less conservative robustness analysis of linear parameter varying ystems using integral quadratic constraints},
  journal = {International Journal of Robust and Nonlinear Control},
  year    = {2016},
  volume  = {26},
  number  = {16},
  pages   = {3580-3594},
}

@Book{Franklin02,
  author    = {G. F. Franklin and J. D. Powell and A. Emami-Naeini},
  title     = {{Feedback Control of Dynamic Systems}},
  year      = {2002},
  edition   = {4th},
  publisher = {Addison-Wesley Longman Publishing},
}

@Conference{Chen04,
  author    = {W.-H. Chen and L. Guo},
  title     = {Analysis of disturbance observer based control for nonlinear systems under disturbances with bounded variation},
  booktitle = {Proc. of Control},
  year      = {2004},
}

@Article{Schrijver02,
  author  = {E. Schrijver and J. van Dijk},
  title   = {Disturbance observers for rigid mechanical systems: Equivalence, stability, and design},
  journal = {Journal of Dynamic Systems, Measurement, and Control},
  year    = {2002},
  volume  = {124},
  number  = {4},
  pages   = {539-548},
}

@Conference{hori92,
  author    = {Y. Hori and K. Shimura},
  title     = {Position/force control of multi-axis robot manipulator based on the {TDOF} robust servo controller for each joint},
  booktitle = {Proc. of American Control Conference},
  year      = {1992},
  address   = {Chicago, USA},
}

@Article{Hostetter73,
  author  = {G. H. Hostetter and J. Meditch},
  title   = {On the generalization of observers to systems with unmeasurable, unknown inputs},
  journal = {Automatica},
  year    = {1973},
  volume  = {9},
  pages   = {721-724},
}

@Article{Basile69,
  author  = {G. Basile and G. Marro},
  title   = {On the observability of linear, time-invariant systems with unknown inputs},
  journal = {Journal of Optimization theory and applications},
  year    = {1969},
  volume  = {2},
  number  = {6},
  pages   = {410-415},
}

@Article{Gourishangkar77,
  author  = {V. Gourishangkar and P. Kudva and K. Ramar},
  title   = {Reduced-order observers for multivariable systems with inaccessible disturbance inputs},
  journal = {International Journal of Control},
  year    = {1977},
  volume  = {25},
  pages   = {311-319},
}

@Conference{Wang04,
  author    = {C. Wang and M. Tomizuka},
  title     = {{Design of Robustly Stable Disturbance Observers Based on Closed Loop Consideration Using H∞ Optimization and its Applications to Motion Control Systems}},
  booktitle = {Proc. of Ameriacan Control Conference},
  year      = {2004},
  address   = {Boston, USA},
}

@Conference{Schrijvert00,
  author    = {E. Schrijvert and J. van Dijkt and H. Nijmeijert},
  title     = {{Equivalence of Disturbance Observer Structures for Linear Systems}},
  booktitle = {Proc. of Conference on Decision and Control},
  year      = {2000},
  address   = {Sydney, Australia},
}

@PhdThesis{Jones71,
  author      = {H. L. Jones},
  title       = {Failure detection in linear systems},
  institution = {Dept. Aeronautics and Astronautics, MIT},
  year        = {1971},
  school      = {Massachusetts Institute of Technology},
}

@PhdThesis{Massoumnia86,
  author      = {M. A. Massoumnia},
  title       = {A geometric approach to failure detection and identification in linear Systems},
  institution = {Dept. Aeronautics and Astronautics, MIT},
  year        = {1986},
  school      = {Massachusetts Institute of Technology},
}

@Article{Chow84,
  author  = {E. Y. Chow and A. S. Willsky},
  title   = {Analytical redundancy and the design of robust failure detection systems},
  journal = {IEEE Trans. Automat. Control},
  year    = {1984},
  volume  = {29},
  pages   = {603-614},
}

@Article{Lou86,
  author  = {X.-C. Lou and A. S. Willsky and G. C. Verghese},
  title   = {Optimally robust redundancy relations for failure detection in uncertain systems},
  journal = {Automatica},
  year    = {1986},
  volume  = {22},
  pages   = {333-344},
}

@Book{Varga17,
  author    = {A. Varga},
  title     = {{Solving Fault Diagnosis Problems - Linear Synthesis Techniques}},
  year      = {2017},
  publisher = {Springer International Publishing},
  isbn      = {978-3-319-51558-8},
}

@Article{Ossmann17,
  author  = {D Ossmann and H.-D. Joos and P. Goupil},
  title   = {{Enhanced Sensor Monitoring to Maintain Optimal Aircraft Handling in Case of Faults}},
  journal = {AIAA Journal of Guidance, Control, and Dynamics},
  year    = {2017},
  volume  = {40},
  number  = {12},
  pages   = {3127-3137},
}

@PhdThesis{,
}

@Comment{jabref-meta: databaseType:biblatex;}
