% Encoding: UTF-8

@Article{Fezans19,
  author  = {Fezans, Nicolas and Joos, Hans-Dieter and Deiler, Christoph},
  title   = {{Gust load alleviation for a long-range aircraft with and without anticipation}},
  journal = {{CEAS Aeronautical Journal}},
  year    = {2019},
  pages   = {1--25},
}

@Conference{Khalil19a,
  author    = {Khalil, Ahmed and Fezans, Nicolas},
  title     = {{Performance enhancement of gust load alleviation systems for flexible aircraft using $H_\infty$ optimal control with preview}},
  booktitle = {Proc. of AIAA Scitech 2019 Forum},
  year      = {2019},
  address   = {San Diego, CA},
}

@Conference{Khalil19b,
  author    = {Khalil, Ahmed and Fezans, Nicolas},
  title     = {{A Multi-Channel $H_\infty$ Preview Control Approach to Load Alleviation Function Design}},
  booktitle = {Proc. of 5th CEAS Conference on Guidance, Navigation and Control},
  year      = {2019},
  address   = {Milano, Italy},
}

@Comment{jabref-meta: databaseType:bibtex;}
